2584 4267
795 62 810 101 N

220 300 288 371 460
540 308 645 389 Caput
667 296 846 389 septimum-

221 505 347 568 semper
380 486 525 562 fuerunt,
560 473 734 567 pertinere,
770 491 803 548 et
836 485 896 547 hos
929 473 1059 547 tantum
1092 487 1161 546 esse

220 574 392 640 servandos
415 580 546 656 propter
559 574 789 656 promissiones
807 573 954 654 patribus
977 573 1093 649 factes,
1115 593 1161 635 re·-
1264 630 1265 651 ,

219 664 317 744 liquis
340 664 491 727 omnibus
514 663 658 745 perditis.
704 664 812 743 Atque
833 662 897 724 hoc
919 661 1072 747 estquod
1086 661 1157 724 nso.
1262 658 1265 699 *¹

221 753 276 829 ait,
301 754 329 815 si
352 753 450 815 fuerit
471 771 625 815 numerus
655 752 796 815 tiliorum
825 751 948 814 Israhel
976 757 1016 814 ut
1041 750 1163 812 harena
1265 792 1266 826 ,

221 842 329 917 maris,
353 842 507 921 reliquiae
530 842 636 905 salvae
658 848 769 914 erunt3
801 846 835 904 et
864 839 952 921 quod
975 840 1094 902 Paulus
1116 839 1163 902 ait
1263 875 1266 926 ι1

221 929 263 991 ed
291 931 407 1014 Rhom.
437 930 519 1015 ΧΗ
554 930 705 1010 nunquid
740 929 819 992 deus
853 928 972 1010 repulit
1003 929 1161 1010 populum
1265 927 1266 958 ¹

222 1019 445 1102 suum,absit,
470 1038 548 1100 nem
570 1025 604 1082 et
625 1019 865 1099 egoIsrahelita
880 1035 953 1081 sum
969 1023 1028 1081 etc.
1060 1017 1163 1104 Egre
1265 1061 1266 1073 ,

223 1107 275 1188 gia
298 1107 419 1171 scilicet
440 1119 515 1189 pars
537 1109 661 1194 populi.
719 1184 722 1190 ¹
1005 1121 1009 1126 “
1160 1151 1163 1155 ›

465 1249 725 1331 Sanctificatiofi
747 1251 832 1332 regis
855 1254 912 1314 est.

269 1418 271 1422 ,
311 1378 343 1437 q.
368 1359 415 1420 d.:
446 1357 525 1434 Abi,
549 1378 616 1422 non
639 1356 946 1439 prophetabis-hic,
982 1363 1014 1420 ce
1047 1354 1081 1438 itt
1114 1355 1164 1421 bre

222 1443 339 1528 tnnniqss
362 1443 457 1528 qttifft.
505 1446 588 1510 Cave
616 1452 649 1508 te
672 1465 817 1529 oppones
845 1465 944 1524 regno
965 1445 1165 1511 israhelitico

161 1548 163 1552 ⁴
221 1554 278 1617 per
293 1535 392 1596 deum
406 1534 565 1611 instituto,
589 1535 675 1615 fuge,
700 1534 975 1617 nedeprehensus
998 1532 1163 1597 occidaris.

220 1624 286 1686 Hic
319 1643 385 1686 non
421 1623 481 1686 erit
510 1612 613 1703 quod
630 1614 821 1700 manduces,
857 1622 938 1687 vade
973 1622 1015 1706 ad
1037 1621 1162 1685 Iudam.
1265 1642 1268 1743 1

222 1712 274 1776 Sic
289 1713 427 1776 audiunt
441 1711 583 1776 ministri
597 1713 697 1789 verbi,
714 1712 761 1776 sic
776 1712 882 1792 fugari
896 1718 952 1775 e'os
967 1717 1093 1793 oportet
1105 1718 1163 1774 etc.
1262 1748 1269 1885 1

504 1831 593 1902 *Non
617 1855 690 1899 sum
712 1837 881 1919 propheta.

311 1938 425 2005 Verie¹
458 1944 493 2005 in
522 1943 585 2006 hoc
611 1943 682 2007 loco
710 1949 872 2007 torserunt
899 1964 933 2006 se
963 1943 1163 2024 interpretes,

195 2023 279 2096 'sed
313 2032 445 2106 frustra;
481 2051 559 2097 nam
593 2031 681 2113 quod
710 2053 808 2114 supra
836 2032 905 2095 dixi
933 2032 973 2095 de
997 2031 1165 2095 ordinibus

223 2120 428 2204 propheticis,
453 2119 542 2183 idem
564 2122 629 2184 huc
653 2122 953 2204 queque-pertinet,
978 2127 1017 2185 ut
1038 2121 1081 2184 sit
1097 2141 1164 2185 sen·

224 2209 401 2289 tentiaffi:
437 2209 510 2272 Non
533 2230 607 2274 eum
641 2211 682 2273 dc
705 2211 801 2273 choro
823 2210 875 2275 vel
897 2210 938 2273 de
961 2209 1072 2273 ordine
1097 2230 1165 2292 pro·

223 2299 404 2379 phetarum‚
436 2317 514 2359 nam
544 2305 636 2363 erant
666 2299 793 2362 ordines
821 2300 1053 2381 prophetarum
1088 2298 1166 2361 hinc

223 2480 307 2538 tores
330 2479 362 2535 et
385 2478 555 2537 sectatores
578 2477 818 2558 prophetarum.

491 2600 716 2664 Armentnrius
739 2620 812 2663 sum
835 2607 895 2664 etc.

313 2725 344 2784 q.
369 2705 416 2767 d.:
447 2725 513 2768 nen
543 2707 579 2770 in
601 2707 664 2770 hoc
686 2707 844 2788 praedico,
874 2712 913 2769 ut
939 2706 1060 2770 victum
1083 2696 1169 2770 mihi

223 2792 300 2856 inde
335 2813 501 2873 quaeram,
541 2815 607 2858 non
640 2797 767 2858 lucrum
800 2815 912 2858 meum
946 2802 1004 2858 eut
1036 2795 1170 2860 divitias

225 2888 339 2959 sector,
371 2882 428 2945 sed
452 2904 526 2947 mea
555 2903 657 2946 manu
678 2884 802 2948 victum
830 2903 963 2964 quaero,
994 2891 1169 2950 contentus

224 2990 297 3034 sum
320 2967 485 3035 vellicarc²
513 2991 695 3053 sycomoros
718 2967 922 3054 (maulbeht).⁸

321 3113 394 3176 Non
418 3113 637 3193 stillabisffi³s
660 3134 757 3196 super
780 3114 916 3179 domum
936 3116 1068 3179 Israhel.

277 3227 279 3232 ’
304 3220 384 3282 ‘Hoc
407 3221 504 3283 verbo
527 3220 788 3302 crebroutpntur
803 3221 979 3304 prophetae
994 3243 1053 3304 pro
1068 3222 1171 3286 verbo

357 3393 465 3462 Incipit
482 3411 510 3462 p.
530 3371 680 3449 Lxxvrr.
698 3393 793 3450 Med.

295 3439 297 3444 .
313 3391 338 3461 ⁶)

313 3529 1154 3644 warren.2)visere.rememoraturum-germanum

312 3713 335 3779 †)
358 3713 439 3766 Rom.
460 3713 503 3765 11.
540 3711 577 3781 h)
602 3713 802 3770 concreatio.
838 3717 893 3785 ea»
909 3716 976 3770 reon
993 3706 1155 3784 propheten

224 3796 255 3834 se
274 3797 337 3835 esse
356 3787 449 3852 neget,
470 3783 521 3836 sed
540 3784 576 3838 de
595 3786 695 3840 ordine
713 3787 888 3855 prophetico.
925 3788 990 3855 ††††)
1008 3785 1131 3841 stillare.
