2584 4267
602 283 708 364 Caput
728 282 837 364 prium

600 501 604 506 Δ
653 457 803 544 Αρὴθυ,’

246 567 438 650 impietatis,
477 562 693 648 ido[lo]latris‚
733 565 851 630 dicitur
891 566 1030 629 hebraea
1066 565 1191 646 lingua.

245 657 365 738 Aphen
394 657 557 734 molestia,
585 657 670 738 utute
697 657 772 724 unuh
799 655 895 738 crient
924 661 983 719 etc.
1015 654 1058 718 ad
1082 653 1195 719 studia

245 744 422 828 impietatis
437 745 710 826 canonumque
729 745 868 828 fatigant
882 765 916 808 se
930 744 1025 826 impii
1039 744 1191 807 homines

246 841 306 899 etc.
352 833 546 916 Damas[cuc]
578 841 627 898 est
646 833 883 905 ‚florentissima
910 835 987 897 urbs
1016 839 1050 896 et
1076 832 1192 898 delica-

246 923 380 1000 tissima,
405 923 462 988 sed
486 922 583 989 servit
605 924 710 988 idolis.
1094 953 1098 960 ·

530 1065 709 1132 Tenentem
732 1072 896 1152 sceptrum

244 1172 441 1254 periphrasis
457 1175 516 1250 est:
530 1172 565 1237 id
581 1179 645 1237 est:
670 1167 777 1255 regem
793 1173 850 1256 qui
864 1177 1025 1236 sustentat
1039 1192 1189 1254 regnum,

245 1262 300 1326 tec
321 1261 370 1328 rotl
391 1260 430 1343 to
452 1261 568 1345 muffet
700 1271 707 1284 ⁶

518 1404 559 1469 de
589 1405 686 1468 domo
712 1403 911 1491 vo[luptatris],

245 1509 302 1572 sed
330 1509 371 1572 de
399 1530 470 1575 arce
497 1512 554 1574 illa
582 1513 757 1594 voluptatis
779 1511 971 1576 transferam
994 1517 1052 1573 etc.

384 1745 391 1758 Ι
625 1654 803 1717 manarat
846 1627 848 1634 ’
960 1631 962 1640 ’

243 1758 294 1822 vel
316 1755 389 1837 dsr‘,
412 1761 467 1823 hic
489 1766 539 1824 est
559 1760 684 1842 primus
707 1761 832 1842 rugitus
858 1759 1102 1841 inxpartioulsri
1126 1764 1187 1822 etc.

243 1864 273 1913 er
294 1847 345 1915 mii
365 1848 403 1929 io
425 1849 561 1933 hunbmd)
584 1850 669 1933 gelren
691 1848 746 1916 mit
774 1851 837 1916 bem
859 1847 947 1932 dupli
975 1856 1014 1912 ut
1034 1848 1100 1931 ipsi
1124 1854 1183 1912 etc.

404 1987 525 2075 ¹Super
546 1993 649 2057 tribus
673 1990 857 2074 scederibm]
884 1985 1017 2055 Gnaei

331 2107 462 2182 propter
483 2107 548 2164 tres
563 2098 860 2184 praevaricationes]
879 2099 982 2163 Gazae
998 2104 1031 2162 et
1053 2102 1187 2180 propter

243 2187 309 2252 lor.
356 2189 434 2253 dicit
455 2191 614 2272 propheta
635 2209 747 2254 omnes
766 2195 882 2270 gentes
896 2188 932 2251 in
947 2187 1082 2252 circuitu
1097 2186 1184 2266 terri·
1255 2188 1259 2196 '

242 2282 352 2340 turum
373 2277 474 2341 deum
494 2281 604 2359 rugitu
626 2299 695 2343 suo.
741 2279 782 2342 In
809 2277 917 2342 medio
944 2297 1056 2340 earum
1084 2275 1185 2356 regio

241 2385 323 2428 num
344 2367 435 2430 sedet
455 2387 592 2447 regnum
614 2368 729 2445 Israel,
762 2367 884 2448 arrugit
912 2363 1183 2452 ouoummlcevua]

240 2454 395 2534 regiones.
442 2454 605 2537 Scriptura
626 2477 694 2520 non
716 2457 824 2534 habet,
849 2475 931 2538 quae
951 2455 1072 2520 sitista
1085 2453 1185 2517 histo

240 2542 301 2618 ria,
337 2561 376 2604 ea
408 2543 495 2624 regio
529 2545 606 2608 satis
640 2555 774 2627 pugnax
808 2550 841 2609 et
873 2543 994 2610 invicta
1026 2543 1115 2625 regio
1149 2543 1186 2604 in

241 2630 261 2692 5
293 2637 453 2714 satrapas,
488 2653 588 2716 parva
616 2635 706 2699 natio
737 2635 985 2711 Palestinorum,
1021 2639 1060 2697 ut
1093 2629 1185 2716 profic

239 2719 324 2792 inter
344 2719 458 2805 intitul.
500 2723 661 2804 significat
679 2723 803 2788 Gazeos
826 2724 861 2786 in
884 2723 1036 2788 conflictu
1059 2721 1185 2803 cepisse

238 2809 399 2875 israelitas
426 2812 563 2893 aliquot,
594 2812 765 2878 tradidisse
794 2813 938 2876 Idumeis
961 2817 1020 2876 etc.
1068 2827 1185 2875 omnes

238 2899 300 2963 hae
322 2907 433 2983 gentes
457 2901 642 2967 adversatae
665 2907 742 2965 sunt
755 2902 864 2966 Israel.
902 2902 943 2964 In
961 2897 1071 2964 medio
1085 2897 1183 2982 posui

239 3008 319 3052 eam.
366 2990 429 3053 ista
451 2996 501 3054 est
522 2991 706 3055 Ienrsalem.
753 2991 789 3054 i'n
811 3010 859 3073 ps.
877 3009 944 3052 non
958 2988 1066 3072 potuit
1080 2987 1182 3052 Israel

238 3097 350 3141 omnes
384 3085 494 3168 gentes
515 3080 633 3144 delere
671 3077 940 3161 circuminspecta]
980 3096 1088 3159 neque
1127 3076 1182 3140 ille
1239 3145 1243 3152 .

238 3183 310 3227 eam
333 3171 392 3230 eto.
439 3168 525 3232 Gaza
546 3171 631 3234 inter
645 3168 866 3256 pslelstiueues]
879 3169 974 3232 urbes
990 3187 1058 3230 non
1073 3167 1184 3248 prima

236 3255 385 3335 quamvis
396 3260 484 3334 tunc,
500 3258 582 3322 illud
592 3264 762 3341 peccatum
773 3257 888 3343 puniet
898 3257 978 3320 deus
990 3256 1180 3339 septuplum

236 3343 321 3424 igno,
344 3343 464 3410 idest:
488 3366 586 3430 regno
608 3349 823 3429 Assyriorum.
911 3349 926 3405 s

609 3491 805 3556 Concludere
1002 3571 1005 3576 Ι
1027 3570 1032 3576 ᾗ

236 3592 371 3658 verbum
393 3594 555 3675 tradendi,
580 3603 617 3661 ut
639 3597 817 3679 plurimum
839 3601 987 3680 vertitur,
1019 3591 1156 3660 conclusi

241 3794 248 3823 r
326 3769 354 3836 1>
372 3771 481 3840 Incipit
499 3771 546 3826 fol.
565 3769 653 3826 3213.
672 3771 766 3828 Mser.
804 3772 832 3841 2)
850 3791 877 3828 v.
897 3774 921 3828 6.
974 3807 981 3818 κ
