2584 4267
975 1169 1099 1236 *M.
1132 1175 1210 1236 D.
1243 1174 1477 1236 XXV.x

625 1347 1072 1432 11111118
1152 1303 1801 1447 1110111111,

1074 1506 1356 1574 mei-prete

765 1634 835 1700 D.
880 1633 1209 1700 mammo
1254 1632 1594 1701 Lvmmo
1626 1629 1650 1666 ¹

465 1936 606 1998 Non
649 1929 984 1999 convenit'
1023 1935 1192 1998 inter
1201 1935 1618 2056 interpretes,
1667 1955 1796 2015 quo
1832 1933 2160 2017 tempore†

285 2024 680 2106 prophetarit
707 2023 972 2100 Abdias,
1019 2017 1227 2088 varie⁸
1264 2023 1556 2087 iudicant
1584 2023 1667 2086 de
1697 2043 1790 2100 00,
1840 2023 2162 2104 siquidem

285 2108 494 2174 initio'
516 2131 668 2175 suae
714 2111 1089 2195 prophetiae
1134 2117 1393 2194 tempus
1439 2117 1505 2174 et
1547 2131 1789 2192 regem,
1851 2113 1972 2174 sub
2032 2133 2162 2194 quo

285 2201 712 2282 prophetarit,
782 2221 916 2264 non
986 2201 1330 2282 expressit,
1401 2193 1507 2263 id⁴
1582 2200 1757 2281 quod
1814 2206 2035 2265 tamen
2092 2201 2164 2263 in

285 2288 694 2370 quorundam
795 2290 1260 2371 prophetarum
1349 2288 1530 2352 libris
1621 2293 1907 2371 spectare
1994 2290 2162 2353 licet.

285 2378 723 2457 Hieronymus
768 2376 945 2453 dicit,
957 2371 984 2410 ⁵
1037 2378 1215 2441 hunc
1242 2377 1526 2441 Abdiam
1570 2377 1788 2454 fuisse,
1836 2378 1951 2458 qui
1980 2398 2164 2461 pave-

285 2466 373 2526 rit
417 2466 485 2528 in
531 2465 852 2546 specubus
883 2472 1145 2529 centum
1174 2467 1524 2548 prophetas
1556 2466 1727 2530 sub
1707 2466 1911 2548 impio
1940 2467 2165 2530 Achab

289 2562 353 2618 et
397 2548 736 2630 lesebale,⁶
790 2559 866 2616 ut
909 2560 1009 2618 est
1051 2555 1122 2617 in
1168 2555 1228 2617 4.
1277 2556 1454 2636 Reg„
1518 2560 1584 2617 et
1637 2553 1783 2617 ideo
1828 2556 2167 2636 contigisse

289 2646 349 2706 ei
417 2642 664 2706 donum
730 2642 1126 2724 prophetiae.
1241 2642 1369 2705 Sed
1436 2643 1835 2706 anicularum
1901 2644 2169 2708 somniis

469 2815 521 2886 ⁸)
559 2816 777 2887 Incipit
810 2833 869 2886 p.
903 2814 1062 2870 XCI.
1099 2813 1289 2870 MSci.

473 2975 529 3042 1)
567 2977 760 3031 deest:
798 2977 877 3030 Μ.
898 2977 966 3029 D.
985 2975 1175 3030 XXV.
1202 3004 1269 3014 —
1309 2975 1579 3030 Luthero.
1652 2975 1913 3041 Legitur:
1951 2974 2172 3030 Abdias

297 3046 594 3114 propheta.
693 3046 785 3100 Sic
844 3050 905 3100 et
961 3047 1028 3101 in
1087 3045 1422 3101 collectione
1480 3045 2025 3112 Vuittembergensi.
2103 3046 2177 3100 In

297 3116 626 3171 collectione
679 3117 913 3171 Ienensi
966 3117 1172 3172 titulus
1226 3121 1339 3172 est:
1404 3116 1708 3171 Enarratio
1762 3117 1830 3169 D.
1868 3116 1947 3169 M.
1984 3116 2048 3170 L.
2110 3116 2176 3171 in

297 3186 547 3242 abdiam
581 3189 926 3255 prophetam
961 3204 1036 3242 ex
1070 3187 1555 3255 praelectionibus
1590 3186 1717 3241 eius
1754 3187 1989 3242 collecta
2022 3202 2177 3241 anno

301 3258 377 3310 M.
417 3258 484 3310 D.
520 3258 801 3312 XXXVI.
899 3259 1323 3326 Argumentum
1380 3259 1445 3312 in
1502 3258 1849 3326 prophetam
1908 3257 2173 3312 Abdiam.

297 3330 353 3394 2}
389 3330 520 3382 Non
542 3333 785 3398 constat,
824 3345 939 3396 quo
972 3333 1234 3398 tempore
1269 3345 1396 3398 sqq.
1467 3328 1525 3395 3)
1561 3329 1755 3384 deest:
1791 3328 1949 3383 varie
1987 3357 2053 3368 --
2091 3344 2176 3383 00.

297 3398 357 3466 4}
397 3398 587 3454 deest:
626 3399 689 3454 id
726 3400 881 3467 quod
907 3430 973 3440 —
999 3401 1148 3456 licet.
1222 3401 1481 3468 Legitur:
1519 3398 1670 3454 sicut
1704 3399 1804 3454 alii
1828 3400 1947 3454 fere
1972 3400 2174 3455 solent.

277 3470 353 3538 fi]
393 3470 583 3524 deest:
623 3469 780 3524 dicit.
855 3471 1117 3539 Legitur:
1155 3472 1545 3541 Hieronymus
1571 3471 1636 3525 in
1671 3487 1740 3526 ea
1764 3470 2034 3538 opinione
2070 3473 2175 3539 est,

301 3546 365 3594 111
401 3543 581 3609 putet,
618 3541 777 3607 hunc
813 3558 939 3611 sqq.
1010 3542 1069 3611 6>
1107 3543 1381 3600 Iesabele.

479 3699 538 3767 †)
603 3701 754 3755 Ien.:
811 3702 940 3766 Quo
991 3705 1251 3770 tempore
1310 3703 1521 3758 vixerit
1573 3702 1874 3772 propheta.
1964 3701 2176 3756 Vuitta

305 3770 433 3834 Quo
465 3773 726 3840 tempore
762 3773 981 3827 Abdias
1016 3772 1391 3843 prophetarit.
