2584 4267
572 248 810 327 Prolegomena.

314 425 458 489 studium
488 424 718 506 opprimendae
752 421 926 501 relligionis
959 427 992 484 et
1023 420 1161 503 purioris

314 514 476 577 doctrinae
505 512 683 576 damnabat
711 518 743 575 et
772 510 1006 574 admonebatur
1030 512 1160 591 posteri·

313 604 388 666 tatis
412 609 496 665 certo
519 602 669 683 pericul0,
694 600 782 681 quod
796 606 888 663 tento
903 604 978 662 ante
993 599 1158 679 praevidit.

314 692 502 756 Rectissime
532 696 641 753 autem
670 688 748 752 huic
775 687 862 751 malo
891 688 1067 751 occurritur
1089 686 1161 750 sim-

313 780 390 861 plici
424 786 456 843 et
488 778 544 861 pia
577 778 807 859 scripturanrm
841 776 1061 839 enarratione‘.
1114 776 1163 838 De

314 888 378 948 quo
404 869 473 931 loco
500 866 579 931 velis
605 868 705 930 etiam
733 866 893 942 conferre,
923 883 1006 944 quae
1028 864 1164 927 Seclren

314 956 475 1020 dorfius
466 976 502 1019 1n
535 947 686 1019 historiae
719 914 958 1018 Luthemnismi
990 953 1073 1015 libro
1101 952 1162 1016 ΠΙ.

315 1047 412 1125 §60
436 1065 468 1126 p
495 1044 558 1107 165
593 1044 773 1119 adnotavit,
808 1042 851 1105 ad
884 1061 967 1123 quae
1000 1062 1059 1123 pos
1060 1048 1166 1105 tremo

314 1132 479 1197 Walchius
516 1140 595 1197 tom.
625 1133 682 1196 VI.
718 1153 750 1215 p.
783 1133 835 1194 21.
875 1131 997 1194 adnott.
1036 1130 1167 1211 delegat
1248 1161 1253 1170 ·

313 1222 521 1304 respicienda.
568 1223 652 1284 Data
677 1227 727 1284 est
755 1220 891 1302 epistola
912 1220 981 1283 Viti
1003 1218 1168 1282 Theodori

314 1311 484 1374 Dominica
504 1316 579 1391 post
600 1309 838 1373 Bartholomaei
851 1310 948 1371 Anno
965 1306 1060 1371 1547.
1096 1307 1167 1371 Sub

314 1399 413 1461 finem
436 1398 665 1479 principalium
678 1399 823 1461 locorum
837 1396 989 1460 editionis
999 1395 1168 1478 principis

313 1486 464 1567 leguntur
486 1492 637 1566 quattuor
660 1493 763 1550 errata
784 1485 981 1565 corrigenda,
1004 1504 1089 1566 quac
1112 1484 1166 1547 de-

315 1582 391 1639 sunt
404 1576 441 1637 in
456 1574 597 1639 editione
611 1576 757 1657 repetita.
781 1575 902 1637 Versus
912 1572 1170 1655 Apocalypticus

314 1683 454 1745 graecus,
479 1682 576 1744 quem
598 1663 778 1746 recepimus
793 1663 829 1725 in
845 1663 920 1739 fine,
942 1662 1108 1725 invenitur
1129 1662 1169 1723 in

313 1759 449 1834 utraque
476 1752 633 1829 editione,
665 1752 723 1815 sed
749 1752 840 1815 deest
865 1752 901 1814 in
923 1750 1170 1814 collectionibus

313 1862 448 1923 operum
480 1842 622 1905 Lutheri.
676 1841 800 1903 Ultima
831 1840 951 1922 pagina
984 1839 1170 1903 editionum

230 1982 233 1987 .
313 1931 457 2011 priorum
481 1936 594 1993 ornata
615 1935 665 1993 est
685 1929 827 2009 imagine
841 1928 930 2009 ligno
944 1928 1047 1991 incisa
1061 1928 1170 1991 tribus

313 2019 407 2083 lineis
429 2020 465 2081 in
487 2019 642 2081 circulum
665 2017 802 2081 redactis
825 2018 930 2081 cincta
951 2023 984 2080 et
998 2017 1169 2080 Christum

313 2108 575 2187 transfiguratum
586 2106 682 2170 nobis
692 2106 891 2183 subiiciente,
900 2106 953 2168 cui
964 2105 1170 2187 subscriptus
1259 2116 1263 2194 Ι

316 2202 364 2259 est
350 2197 467 2259 tlocus
483 2215 523 2257 ex
538 2196 666 2258 Psalmo
677 2195 873 2257 LXXXIX..
867 2219 873 2231 ·
890 2195 1008 2258 Beatus
1022 2195 1170 2296 populus
1262 2202 1263 2229 l

198 2342 208 2361 .
316 2284 373 2363 qui
396 2284 456 2347 scit
477 2284 710 2346 iubilationem
755 2284 854 2346 Hunc
876 2304 944 2347 non
972 2283 1167 2364 recepimus.
1260 2232 1263 2334 l

225 2372 283 2435 III
312 2370 422 2433 Paullo
445 2375 519 2452 post
540 2370 661 2433 librum
681 2371 784 2435 latina
797 2372 910 2451 lingua
923 2372 1170 2454 promulgatum
1259 2362 1263 2450 Ι

315 2459 465 2539 quidam,
501 2478 599 2539 quem
633 2459 714 2524 falso
750 2459 969 2524 Amsdcrfium
1003 2460 1088 2523 exist
1088 2460 1169 2523 ima-
1260 2452 1263 2552 Ι

314 2547 434 2624 verint,
465 2548 746 2612 translationem
736 2569 772 2610 m
800 2548 1021 2629 germanicum
1042 2548 1172 2611 idioma
1262 2563 1263 2589 ³

315 2636 465 2713 instituit,
491 2654 591 2718 quam
613 2637 784 2719 episcopus
807 2638 1031 2701 celeberrimus
1045 2637 1170 2700 Naum
1256 2661 1263 2715 Ι

313 2725 481 2805 burgensis
523 2726 703 2788 dioeceseos
739 2725 890 2790 Nicolaus
931 2727 973 2789 ab
1010 2725 1174 2789 Amsdorf

313 2814 511 2895 praefatione
523 2813 769 2878 commendavit.
783 2814 911 2877 Iitulus
920 2815 1026 2895 operis
1036 2814 1091 2877 hic
1101 2821 1169 2878 est:
1262 2807 1263 2874 3

313 2897 383 2972 aa
406 2898 562 2986 prestet
580 2897 668 2984 fluct
687 2900 693 2984 Ι
713 2898 811 2983 tarot
827 2896 930 2972 eost
946 2896 1122 2973 mooe
1144 2900 1151 2987 Ι
1262 2947 1263 2952 ¹

314 2990 345 3057 tn
367 2990 527 3072 demittier
558 2988 650 3072 [prod
680 2989 784 3073 petates
810 2991 865 3056 ost
883 2986 890 3074 Ι
909 2990 1083 3073 moqeteqt]
1094 2990 1171 3058 {tut

313 3077 425 3160 nemus
445 3076 451 3161 Ι
474 3078 642 3161 caecutiat
664 3086 715 3145 etc
747 3074 860 3163 lue
887 3076 982 3149 aaa
1008 3074 1170 3150 domate
1262 3097 1263 3151 3

314 3167 417 3251 littra
461 3162 527 3238 tte
559 3164 660 3249 letos
712 3181 769 3235 oon
820 3166 981 3251 turstorff.
1013 3164 1171 3252 {Uinea

286 3255 427 3335 nigra.)
439 3253 453 3359 Ι
473 3250 587 3325 1553
1262 3275 1263 3280 ’

315 3342 472 3423 [Quaem
493 3346 556 3409 hac
577 3346 785 3449 inscriptione
807 3345 908 3410 literis
937 3345 1170 3427 pinquioribus
1262 3343 1263 3424 J

313 3432 465 3498 denotata
430 3434 643 3510 tvides,
634 3456 670 3497 rn
699 3435 840 3498 editione
869 3434 976 3498 rubris
1004 3434 1150 3498 coloribu
1261 3438 1263 3494 l

266 3522 468 3603 :impressa
491 3542 559 3586 esse
583 3521 685 3604 scias]
732 3523 828 3587 Liber
858 3529 907 3586 est
928 3523 996 3585 XL.
1020 3524 1152 3604 plagula
1261 3550 1263 3571 2

311 3632 385 3673 rum
407 3612 529 3675 formae
559 3612 797 3691 quartanariae‚
829 3620 973 3691 quarum·
995 3612 1102 3693 prima
1133 3632 1148 3675 e

312 3700 471 3763 secundae
500 3700 674 3763 dimidium
703 3700 835 3777 foliolis,
864 3707 1035 3780 sequentes
1061 3700 1148 3776 literi
