2584 4267
250 331 315 398 274
585 332 691 413 Caput
713 331 844 394 tertium

252 511 332 574 dicit
354 529 414 573 sua
434 509 569 572 numina
587 509 624 572 in
642 509 745 572 hortis
769 527 917 572 crescere.
964 510 1007 572 Et
1030 509 1101 590 quis
1123 531 1189 573 non

252 689 391 752 cultibus
428 688 582 750 habitas?
636 688 677 750 In
718 687 790 769 ipsc
828 693 937 750 autem
980 689 1101 769 populo
1136 687 1189 750 dei

252 784 374 858 quanta
395 777 459 840 fuit
481 777 626 854 coecitas,
652 775 848 856 quibusdam
870 777 979 858 palam
997 777 1189 856 negantibus

251 867 514 948 resurrectionem
543 873 759 942 mortuorum,
796 871 829 929 et
862 865 1094 936 damnantibus
1122 882 1188 947 pro·

250 957 423 1038 phetarum
445 954 587 1036 scripta?
632 955 716 1017 Vere
739 953 837 1035 igitur
859 960 930 1018 tum
953 955 1088 1032 malitia,
1112 955 1192 1018 sicut

251 1046 385 1127 plenum
407 1045 554 1120 torcular,
578 1043 764 1120 exundavit,
790 1063 827 1106 ac
849 1044 913 1106 nisi
935 1045 1094 1124 evangelii
1113 1045 1191 1107 salu·

250 1141 318 1197 tare
340 1135 452 1197 lumen
475 1133 655 1210 affulsisset,
679 1133 825 1214 periisset
847 1133 1102 1216 totus-mundus.
1139 1133 1191 1196 Co·

252 1223 399 1286 hortatur
431 1223 529 1302 igitur
562 1229 600 1286 ut
632 1226 800 1285 occurrant
834 1221 935 1284 furori
969 1221 1124 1298 Satanae,
1162 1228 1194 1285 et
1269 1287 1273 1310 1

252 1318 399 1375 ruentem
422 1311 584 1374 mundum
607 1311 739 1375 salutari
761 1311 823 1374 hac
845 1310 1008 1394 medicina
1031 1318 1156 1374 sanent.

365 1455 508 1535 Populi
535 1453 656 1516 multi
689 1454 730 1515 10
764 1453 868 1517 valle
903 1448 1066 1530 iudicii,
1103 1454 1195 1534 quia
1269 1439 1273 1500 ⁴¹

284 1563 420 1625 ,prope
450 1549 513 1606 est
539 1543 626 1605 dies
656 1542 808 1606 domini
837 1542 877 1604 in
899 1542 1014 1606 valle
1030 1543 1191 1606 iudicii.
1268 1603 1273 1624 ,

295 1631 361 1694 Sol
384 1637 423 1694 et
444 1632 540 1694 luna
562 1631 852 1707 obscurantur,
877 1631 1081 1716 et-stellae
1104 1653 1192 1712 con·
1268 1627 1273 1712 1

260 1710 262 1713 ’
296 1721 467 1784 trahunt
488 1721 623 1783 lumen
646 1740 769 1784 suum.

341 1845 508 1909 Hactenus
530 1845 689 1927 propheta
711 1845 875 1908 exultante
898 1843 1028 1926 spiritu,
1061 1844 1120 1907 sed
1144 1844 1194 1928 ad·
1270 1841 1273 1908 l

254 1934 389 1997 modum
418 1935 561 1998 obscuris
591 1935 711 2010 verbis,
748 1934 884 2014 gratiam
911 1933 978 2010 dei,
1010 1938 1043 1995 et
1073 1935 1197 1996 lactum
1271 1965 1273 2022 5

254 2023 412 2103 evangelii
435 2043 618 2087 successum
640 2022 845 2105 praedicavit,
871 2021 958 2103 quod
975 2023 1148 2102 vulgatum
1162 2023 1198 2086 in

254 2122 366 2176 omnes
400 2113 498 2176 totius
533 2113 618 2176 orbis
653 2118 810 2176 terrarum
844 2113 991 2192 angulos,
1031 2123 1198 2191 nusquam
1254 2111 1273 2194 ,ἕ

256 2202 363 2265 fructu
389 2221 449 2264 suo
477 2203 672 2265 destituitur.
718 2201 845 2263 Iudicat
872 2201 960 2264 enim
987 2201 1057 2263 0100
1088 2201 1198 2264 discri-
1271 2195 1273 2216 ⁴

257 2291 344 2351 mine
367 2310 494 2366 omnes,
526 2310 631 2371 neque
655 2296 703 2353 est
724 2289 881 2352 iudicium
903 2289 966 2353 hoc
987 2289 1119 2351 irritum
1143 2295 1200 2352 aut
1271 2285 1273 2370 ξ

254 2397 384 2440 vanum.
420 2379 484 2451 Qui
507 2379 595 2440 enim
616 2378 681 2441 fide
696 2377 731 2440 id
747 2379 993 2460 amplectuntur,
1016 2377 1053 2441 hi
1068 2378 1201 2442 liberati
1271 2379 1273 2454 ξ

255 2486 276 2527 0
301 2465 437 2528 Satanae
466 2466 653 2546 tyrannide,
689 2468 724 2530 in
758 2466 822 2530 fide
849 2471 1019 2548 expectant
1051 2467 1199 2531 haeredi·
1271 2459 1273 2546 1

255 2560 355 2618 tatem
377 2555 461 2618 vitae
485 2562 640 2618 aeternae.
687 2556 769 2633 Alii,
800 2557 857 2637 qui
884 2576 950 2619 000
977 2554 1132 2632 credunt,
1165 2557 1202 2619 hi
1270 2557 1273 2632 i

256 2642 395 2722 audiunt
427 2645 621 2708 sententiam
655 2645 777 2708 mortis.
835 2645 924 2718 Quae
959 2644 1047 2708 enim
1083 2645 1202 2708 salutis
1271 2643 1273 2724 ζ

215 2794 218 2800 .
256 2752 329 2815 spes
358 2741 443 2797 esset
468 2735 606 2815 reliqua,
636 2734 760 2798 abiecto
788 2733 914 2798 Christo
942 2740 975 2797 et
1004 2734 1203 2814 evangelio?

257 2824 346 2896 Quae
369 2824 435 2886 iam
458 2830 646 2905 sequuntur,
677 2823 837 2886 sententia
863 2822 996 2903 quidem
1018 2841 1086 2884 000
1110 2822 1205 2886 diffe·
1271 2823 1273 2900 ξ

256 2920 341 2990 runt,
366 2913 423 2976 sed
446 2913 578 2976 clariora
600 2919 686 2989 sunt,
711 2919 743 2976 00
764 2911 929 2993 explicant
950 2911 1084 2974 obscure
1101 2931 1207 2994 supra

257 3002 432 3084 proposita.

141 660 145 669 ,
255 600 456 664 cohorreseat
477 618 553 662 cum
573 599 653 678 legit
674 598 877 662 foedissimas
893 597 1109 680 turpitudines
1130 621 1189 680 pro
1257 605 1259 608 ’

345 3091 437 3152 Dixit
471 3111 569 3172 supra
601 3109 713 3154 ornnes
748 3095 858 3170 gentes
892 3087 1138 3169 congregandas
1171 3090 1209 3152 in
1271 3081 1273 3128 ἶ

257 3180 373 3242 'uallem
394 3179 557 3261 Iosaphat.
602 3180 642 3242 Id
665 3179 837 3243 obscurum
864 3184 925 3254 est,
954 3177 1078 3240 nescias
1110 3179 1209 3242 enim
1271 3177 1273 3254 ζ

256 3268 448 3351 propriane
472 3288 514 3330 an
537 3267 728 3350 appellative
755 3266 979 3349 accipiendum
1009 3266 1064 3342 sit,
1098 3287 1208 3347 quan·
1271 3261 1273 3338 ξ

255 3376 357 3436 quam
395 3357 654 3420 circumstantiae
692 3357 882 3432 ostendunt,
929 3375 995 3418 non
1040 3357 1207 3435 angulum
1270 3351 1273 3418 l

257 3451 359 3508 terrae
385 3446 500 3523 Iudae,
537 3445 594 3508 scd
624 3451 731 3508 totum
758 3444 920 3508 mundum
954 3444 1001 3507 sic
1031 3444 1159 3526 appella

262 3530 375 3598 ¹Hanc
409 3535 654 3615 ambiguitatem
688 3534 846 3616 propheta
872 3552 959 3597 nunc
988 3533 1086 3609 101110,
1125 3555 1159 3598 οι
1271 3543 1273 3596 l

258 3645 324 3711 non
347 3624 486 3706 amplius
508 3624 630 3687 vallem.
646 3624 817 3705 Icsaphat,
850 3621 907 3686 sed
928 3621 1046 3702 uallem
1069 3622 1159 3686 char
1270 3651 1273 3716 ,ε

348 3817 375 3882 1)
394 3815 487 3895 Vallis
505 3815 612 3871 iudicii.

1271 3613 1273 3650 l

1270 3823 1273 3862 l

1270 3913 1273 4040 l

1270 4045 1273 4086 1
