2584 4267
227 327 292 392 386
560 326 667 407 Caput
687 325 832 406 primum

164 585 168 590 Δ
227 513 260 570 et
282 504 387 568 modis
409 503 564 585 loquendi
586 509 730 579 utantur,
753 501 809 565 hic
831 501 989 584 propheta
1010 506 1099 565 totrrs
1122 507 1176 564 est

226 596 261 657 in
283 595 346 657 hoo
369 613 493 675 genere,
517 598 603 656 totus
627 598 676 654 est
695 591 850 673 poeticus.
888 591 1079 672 Metaphore
1094 609 1174 670 ergo

226 690 276 748 est
297 683 349 747 vel
369 682 479 765 potius
502 681 667 762 allegoria,
699 681 831 761 quando
854 679 946 742 dicit:
976 679 1172 742 Dominus

226 773 404 852 rugiet,†
432 790 498 850 quo
521 770 681 850 significat
703 789 857 850 magnam
879 769 961 831 iram
984 774 1017 831 et
1039 768 1172 831 commi·

227 862 392 924 nationem
422 860 484 936 dei,
516 879 547 939 q.
573 859 604 921 d.
635 855 806 921 *dominus
835 858 893 938 qui
921 862 971 920 est
998 857 1040 920 de
1070 857 1170 938 Syon,

226 950 283 1030 qui
305 949 431 1012 habitat
453 948 488 1010 in
511 947 599 1028 Syon
620 948 673 1010 vei
694 947 813 1010 residet
827 947 864 1009 in
876 945 1092 1022 Hierusalem,
1115 945 1170 1006 ille

226 1037 379 1101 dominus
401 1037 514 1118 rugiet,
539 1036 640 1100 iratus
663 1041 721 1112 est,
746 1035 841 1115 erigit
862 1035 956 1111 iubas
971 1035 1075 1097 instar
1096 1035 1171 1096 irati

225 1126 343 1200 leonis,
369 1131 477 1190 cavete
499 1125 600 1202 vobis,
624 1125 768 1187 minatur
781 1123 873 1189 vobis
888 1123 1065 1200 interitum,
1090 1143 1170 1185 nam

228 1222 264 1278 ut
285 1217 428 1278 maxime
451 1215 541 1279 vobis
565 1215 607 1277 sit
629 1213 839 1294 contemptui,
863 1219 973 1276 tamen
994 1213 1171 1275 commina-

226 1309 279 1366 tur
294 1324 328 1366 se
343 1309 531 1368 vocaturum
547 1323 616 1366 esse
639 1322 696 1366 vos
719 1322 831 1365 omnes
851 1296 978 1364 1utetur
992 1306 1103 1364 sutem
1126 1300 1170 1363 ad

225 1393 310 1455 hano
321 1391 419 1456 vestri
430 1392 670 1456 devorationem
685 1395 813 1470 gutture
825 1395 859 1453 et
869 1389 1021 1453 dentibus
1032 1390 1170 1470 Assyrii,

226 1487 334 1544 aetum
358 1481 419 1543 erit
441 1479 482 1544 de
504 1481 596 1544 vobis
620 1479 772 1543 omnibus
800 1479 865 1542 nisi
886 1478 1084 1559 resipueritis
1106 1484 1169 1540 etc.

410 1636 617 1720 *i‘liugebunt
639 1639 785 1720 speciosa
806 1645 982 1721 pastorum.
1038 1687 1047 1700 ,

317 1767 347 1827 q.
373 1745 427 1809 d.:
452 1746 524 1810 Hoo
545 1747 690 1809 minatur
704 1745 796 1809 vobis
812 1739 992 1822 dominus,²
1019 1745 1065 1808 sio
1080 1765 1169 1808 vora·
1278 1765 1280 1778 ·

226 1841 317 1899 turus
341 1841 390 1898 est
411 1855 478 1912 vos,
502 1829 642 1916 rediget³
670 1841 788 1898 terram
810 1835 846 1896 in
869 1833 1091 1910 solitudinem,
1116 1833 1170 1896 de-

226 1930 309 1987 serta
338 1929 432 1987 erunt
462 1929 494 1986 et
522 1924 644 1987 inculta
671 1923 872 2000 habitacula,
903 1924 1010 1987 luctus
1041 1922 1103 1984 erit
1130 1916 1169 1984 in

205 2013 439 2078 'tabernaculis
462 2018 495 2075 et
517 2012 669 2088 desertio,
700 2012 758 2074 ubi
787 2032 876 2076 nuno
906 2017 983 2074 sunt
1011 2016 1168 2092 pastores.

416 2173 458 2236 Et
480 2172 676 2236 exiocabitur
698 2177 809 2236 vertex
830 2172 971 2235 carmeli.

313 2279 436 2342 Iterum
459 2280 592 2360 figurate
616 2279 820 2342 dictumest.
865 2278 1028 2340 Carmelus
1044 2278 1170 2360 duplex

224 2369 329 2449 est††:
354 2363 400 2430 I.4
426 2369 549 2448 inquo
578 2367 739 2432 habitavit
760 2366 873 2444 Nabal,
901 2367 950 2431 vir
973 2367 1101 2444 stultus,
1129 2374 1171 2430 ut
1278 2387 1280 2404 ⁶

224 2460 317 2518 vocat
346 2475 421 2517 eum
451 2456 616 2536 scriptura.
688 2459 717 2517 1.
761 2457 886 2536 Regum
921 2456 1099 2538 XXV†††;
1133 2462 1171 2519 et
1278 2481 1280 2506 ι

314 2628 339 2697 ⁸)
365 2633 398 2684 ut
423 2629 534 2684 scilicet
556 2631 592 2694 de
619 2631 696 2699 Syon
714 2635 897 2685 construatur
914 2647 974 2685 non
993 2646 1061 2685 cum
1077 2629 1170 2686 verbo

223 2700 316 2768 rugiet
335 2701 387 2756 sed
405 2718 471 2755 cum
489 2702 631 2756 dominus.
670 2701 711 2770 ⁴⁸)
730 2701 838 2770 Incipit
855 2719 883 2769 p.
902 2702 995 2754 XLII.
1013 2699 1110 2756 Msci.

313 2861 340 2930 1)
360 2861 462 2916 Deest:
482 2865 578 2916 utetur
598 2891 630 2900 -
649 2861 837 2928 resipueritis.
873 2861 1002 2929 Legitur:
1021 2861 1052 2915 Si
1070 2865 1171 2917 vertas

222 2933 479 2988 constructionem:
499 2933 641 2996 Dominus
659 2933 752 2999 rugiet
770 2933 807 2986 de
824 2932 910 3002 syon,
929 2937 959 2986 et
976 2931 1014 2986 de
1030 2932 1170 2987 Hierusa-

146 3029 149 3036 ·
221 3002 279 3056 lem
298 3003 413 3058 emittet
430 3018 530 3058 vocem
549 3019 640 3074 susm,
659 3003 805 3058 sententia
822 3007 921 3058 temen
937 3007 1037 3058 manet
1055 3003 1168 3058 eadem

221 3071 249 3140 2)
268 3078 298 3128 et
317 3075 359 3128 sic
377 3079 539 3135 vocaturus
577 3047 675 3142 [Error
692 3075 837 3128 editoris
829 3092 862 3128 ιιι
878 3074 1014 3128 omnibus
1026 3074 1170 3129 collectio-

220 3143 309 3198 nibus
327 3145 485 3214 repetitur]
523 3144 605 3213 3)ut
621 3145 740 3211 redigat
776 3143 805 3212 4)
824 3146 914 3200 Deest
932 3161 1078 3199 numerus.
1115 3145 1168 3198 Le

220 3214 311 3279 gitur:
329 3215 361 3268 id
379 3219 436 3270 est·
454 3215 563 3286 inquo.
602 3215 767 3285 [Intelligss
786 3217 922 3300 quanta'
913 3214 1167 3284 ingeniiimbecil-

220 3284 302 3338 litate
319 3285 460 3340 editorem
477 3291 628 3356 operatum
639 3303 712 3356 esse,
731 3303 821 3354 quum
833 3287 970 3356 opinatus
981 3288 1028 3357 sit,
1046 3289 1167 3342 numeri

220 3355 358 3410 ordinalia
385 3356 528 3424 picturam
553 3373 619 3413 esse
644 3357 842 3412 abbreviatum
862 3359 982 3428 signum
999 3375 1052 3426 per
1069 3362 1168 3412 totum

219 3426 326 3480 librum
351 3443 440 3481 manu
463 3429 604 3498 scriptum
628 3429 777 3498 usitatum,
800 3445 883 3498 pro,
883 3429 916 3483 id
941 3429 1027 3498 quod‘
1048 3429 1095 3484 vel
1124 3430 1153 3499 ,ir

219 3497 272 3559 est‘
290 3498 403 3553 sdhibit
391 3499 473 3570 tum]

307 3659 336 3728 †)
346 3660 422 3716 Ien·
416 3699 422 3712 .
433 3660 545 3726 Rugiet.
564 3633 905 3728 Metaphorasleonilius
915 3664 1038 3730 sumpts.
1056 3660 1153 3715 Vuitt.

219 3731 362 3786 Dominus
394 3732 494 3798 rugiet.
535 3729 583 3800 tt)
615 3733 676 3786 Ien.
695 3736 726 3786 et
743 3732 849 3786 tunt:
878 3731 1027 3788 Carmelus
1044 3730 1165 3798 duplex.

218 3798 284 3868 †††)
304 3801 328 3854 1.
348 3803 417 3868 Reg.
437 3801 480 3856 25.
