2584 4267
207 277 227 336 8
543 275 647 355 Caput
669 276 812 356 primum

297 452 361 513 Ubi
384 452 519 514 verbum
548 451 602 514 dei
631 459 692 528 est,
724 472 851 532 semper
879 453 1016 515 habetur
1038 472 1141 515 exem-

205 542 299 620 plum
322 540 556 603 incredulitatis
579 560 691 603 eorum
714 544 771 620 qui
794 547 1004 605 contemnunt
1022 547 1054 604 et
1065 540 1141 603 fide-

205 630 316 704 litatis,
340 628 398 691 sed
419 648 597 709 paucorum
617 630 819 693 credentium
842 626 920 693 etc.¹

294 716 366 790 Quo
400 725 544 797 ternpore
578 720 778 799 prophetarit
811 720 907 782 Johel
944 719 1028 781 nihil
1065 720 1142 781 certi

206 808 318 869 habeo.
348 805 441 869 credo
464 806 681 886 antiquiorem
696 807 847 870 omnibus
863 808 936 870 aliis
952 807 1140 870 minoribus.

208 895 335 958 videtur
357 895 503 958 floruisse
525 902 670 975 tempore
692 898 780 976 pacis
811 898 889 975 quia
911 908 1022 958 omnes
1052 901 1143 958 vocat

204 990 242 1045 ut
270 984 416 1058 videant,
447 983 524 1046 ordo
553 984 615 1046 iste
644 985 729 1047 mihi
755 1005 822 1048 non
844 984 970 1048 ridetur
999 990 1142 1046 servatus

206 1071 293 1151 apud
330 1073 473 1134 hebreos.
532 1071 660 1135 videtur
697 1072 797 1135 fuisse
835 1080 909 1135 ante
943 1073 1074 1135 Esaiam
1111 1078 1143 1135 et

204 1159 321 1224 Ozeam
345 1167 402 1223 etc.

551 1244 690 1313 'Audite
713 1243 792 1313 etc³

293 1356 431 1419 Videtur
453 1376 519 1419 non
542 1357 577 1419 in
600 1357 669 1419 loco
688 1371 754 1420 uno
768 1358 975 1436 prophetasse
990 1357 1061 1431 ista,
1086 1355 1143 1417 scd

206 1446 241 1507 in
264 1444 377 1507 multis
400 1452 437 1507 ut
460 1444 556 1507 debet
577 1446 742 1523 propheta.

561 1586 665 1665 Super
687 1580 779 1650 hoc⁴:

206 1692 313 1772 potius
325 1691 365 1754 de
377 1693 446 1755 hoc.
460 1714 491 1772 q.
505 1692 536 1755 d.
550 1692 652 1755 nolite
665 1694 813 1756 oblivisci
825 1693 914 1755 illius
926 1692 1087 1755 miraculi:
1097 1722 1140 1735 -··

291 1781 387 1843 Ponit
414 1782 455 1842 ob
485 1782 594 1844 oculos
616 1781 705 1843 istud
728 1783 853 1843 malum
879 1800 1043 1861 praesens,
1074 1786 1147 1842 tan.

206 1875 278 1932 turn
301 1869 470 1932 historiam
493 1875 636 1932 recenset
658 1875 715 1931 etc.
756 1870 832 1931 Istis
856 1876 1007 1949 quattuor
1029 1869 1142 1942 bestiis

206 1958 423 2037 conscriptum
453 1964 501 2021 est
531 1956 688 2037 quicquid
717 1963 765 2020 est
794 1959 829 2019 in
859 1960 942 2037 agris
973 1963 1004 2020 et
1027 1958 1139 2032 vineis,

208 2046 367 2109 horrenda
395 2047 491 2127 plaga
524 2044 732 2121 describitur,
775 2048 835 2109 etsi
869 2046 1055 2125 temporalis
1087 2047 1139 2121 sit,

203 2140 313 2196 tamen
335 2142 367 2197 et
389 2134 608 2214 pestilentiam
631 2140 664 2197 et
686 2134 807 2197 famem
830 2132 975 2197 adduxit.
1019 2134 1021 2138 ’

607 2269 740 2351 Eruoa,⁶

203 2394 325 2463 tuttppe,
357 2379 552 2463 diolttuttett.
598 2381 663 2443 alia
697 2388 773 2444 sunt
805 2384 899 2445 nobis
934 2384 1051 2463 ignota.
1107 2380 1142 2444 Si

204 2471 313 2533 liceret
351 2470 512 2545 divinare,
552 2470 717 2533 Bruchum
731 2469 884 2549 *dicerem
919 2470 1014 2554 gtofsse
1046 2470 1143 2550 tantbs

203 2571 322 2641 tottpte,
353 2578 440 2621 nunc
466 2560 624 2622 locustam
647 2579 734 2623 nuno
756 2561 916 2623 bruchum
939 2566 1068 2623 vertunt
1090 2562 1141 2621 he-

202 2647 348 2710 braicum
370 2639 574 2710 vocabulum.

264 2737 266 2742 ’
294 2736 455 2816 Rubigo
478 2736 596 2801 vitium
620 2744 766 2817 segetum
788 2739 859 2799 vult
882 2738 1056 2818 appellare,
1086 2736 1143 2797 scd

204 2844 269 2887 non
299 2832 360 2899 est,
397 2824 519 2887 animal
553 2831 602 2888 est
635 2846 722 2889 nunc
756 2828 948 2889 translatum
982 2826 1142 2888 bruchum

202 2934 288 2976 nunc
310 2913 467 2976 locustam
492 2919 549 2976 etc.
596 2921 720 2978 certum
743 2921 791 2977 est
814 2921 965 2993 quattuor
988 2912 1143 2976 animalia

203 3022 272 3065 csse
288 3022 370 3082 quae
394 3000 547 3064 devorent
562 3002 718 3082 quioquid
734 3005 815 3065 viret
830 3004 865 3065 in
881 3004 964 3083 agris
981 3009 1012 3065 et
1027 3001 1139 3064 vineis.

292 3091 448 3153 Locustae
477 3095 511 3151 et
539 3090 654 3154 bruchi
683 3091 891 3171 potissimum
920 3096 1036 3155 nocent
1057 3108 1140 3169 segc-

201 3180 297 3241 tibus.
345 3178 386 3240 iis
408 3183 560 3258 provocat
582 3179 623 3241 ad
645 3179 908 3258 resipiscentiam.

522 3314 823 3400 Expertthimiadl

203 3448 232 3506 q.
251 3427 280 3487 d.
305 3426 352 3491 bet
374 3424 446 3491 mein
469 3423 502 3503 tt
525 3424 625 3507 bobun.
672 3424 745 3487 Non
760 3426 831 3487 vult
853 3425 957 3489 dicere
974 3426 1060 3505 quod
1076 3428 1141 3488 sint

294 3600 320 3667 1)
346 3616 363 3652 a
395 3615 476 3653 sacro
503 3599 591 3654 verbo
626 3598 761 3654 dicuntur
789 3600 927 3653 historiae
957 3616 1054 3654 sacrae
1085 3617 1141 3667 quo

206 3671 428 3724 sanctificantur.
456 3670 485 3737 2)
505 3684 522 3722 a
539 3668 739 3736 magnitudine
758 3670 858 3739 plagae
877 3670 994 3725 orditur.
1022 3672 1050 3740 3)
1070 3689 1094 3727 v.
1115 3674 1139 3725 2.

203 3741 232 3809 4)
250 3758 276 3796 v.
295 3740 320 3794 3.
358 3740 475 3808 una
512 3740 541 3807 6)
559 3756 585 3794 v.
604 3738 629 3792 5.

1282 3752 1289 3825 t
