2584 4267
484 309 583 372 Joelis
604 310 790 391 prophetae.
1042 313 1104 375 219

161 485 349 548 comesturi.
391 485 464 549 Non
486 487 584 564 enim,
608 494 647 550 ut
668 488 730 564 leX,
755 488 848 551 docet
871 488 950 568 quid
973 511 993 551 a
1014 490 1107 553 nobis

162 575 277 654 exigat
304 574 401 652 deus,
437 595 503 638 non
532 577 672 640 intentat
698 597 836 658 poenas,
873 578 930 640 sed
956 577 1108 659 proponit

163 663 277 739 deum,
299 670 338 728 ut
353 682 451 744 supra
466 665 625 745 propheta
647 666 739 742 dixit,
764 666 964 742 elementem,
988 667 1106 728 miseri-

163 751 307 829 cordem,
330 752 461 816 tardum
483 753 525 815 ad
548 753 639 830 iram,
671 754 861 831 beneficum,
890 760 923 816 et
944 755 1107 836 poeniten·
1133 775 1134 778 ¹

36 875 39 877 Δ
163 848 235 904 tem
251 860 347 922 super
360 841 457 904 malo.
496 841 655 918 Ostendit
678 843 849 905 filiumdei
870 841 944 905 ideo
966 844 1002 904 in
1023 843 1108 906 hano

164 934 313 992 nostram
327 949 457 992 samem
471 930 606 1007 venisse,
623 937 660 993 ut
675 950 771 1012 opera
786 931 906 993 diaboli
921 931 1106 1008 destrueret,

164 1019 231 1080 hoe
259 1024 320 1094 est,
351 1023 390 1081 nt
417 1018 556 1082 aboleret
577 1026 759 1100 peccam,
790 1020 931 1083 vinceret
960 1027 1106 1096 mortem,

164 1106 363 1187 patefaceret
383 1106 494 1183 vitam,
519 1113 551 1170 et
565 1108 771 1188 tyrannidem
787 1107 921 1171 Satanae
945 1115 1106 1172 everteret.

164 1195 234 1256 Hie
255 1200 305 1258 est
326 1201 435 1275 gratus
457 1197 560 1259 menti
582 1197 683 1273 cibus,
707 1203 739 1259 et
754 1197 870 1272 suavis,
895 1217 992 1276 quem
1007 1196 1108 1260 territi

166 1283 273 1344 animi
295 1291 468 1366 conspeetu
490 1291 694 1366 peecatorum
717 1304 859 1360 suorum,
884 1291 917 1347 et
930 1292 1020 1348 metu
1042 1286 1107 1347 irae
1180 1321 1185 1342 .

166 1392 209 1435 ao
240 1371 352 1434 iudicii
386 1372 454 1450 dei,
494 1393 553 1436 eeu
591 1373 758 1436 famelicus
793 1374 976 1436 stomachus
1015 1373 1107 1437 avide

166 1460 337 1541 arripiunt.
405 1462 477 1524 Hoc
501 1462 659 1543 primum
696 1468 744 1526 est
780 1461 972 1525 beneficium
1009 1462 1107 1526 huius

166 1549 324 1626 doctoris,
353 1550 440 1630 quod
463 1552 556 1614 affert
577 1551 619 1612 ad
641 1571 700 1615 nos
724 1551 846 1628 eibum,
879 1571 976 1632 quem
1006 1571 1105 1614 eome-

165 1638 283 1700 dentes
312 1637 523 1715 comedimus,
554 1639 616 1702 hoe
643 1645 706 1716 est,
737 1640 853 1721 cupide
880 1647 913 1703 et
940 1659 1015 1703 oum
1045 1641 1105 1703 sin·

167 1726 273 1806 gulari
294 1727 467 1808 voluptate.

259 1816 405 1878 Alterum
427 1822 485 1893 est,
509 1816 597 1897 quod
619 1838 686 1880 non
702 1817 806 1880 solum
822 1816 909 1892 dicit,
933 1816 1106 1883 comedetis

166 1903 302 1984 cupide,
331 1904 388 1966 sed
417 1904 509 1968 addit
536 1905 649 1969 etiam:
680 1911 713 1969 et
741 1904 998 1968 exaturabimini.
1050 1906 1106 1967 Re·
1157 1934 1159 1938 ⁴

166 1993 266 2074 spicit
287 1999 397 2056 autem
410 1992 472 2056 -hie
494 2013 623 2074 quoque
645 1994 775 2074 oblique
798 1993 840 2056 ad
861 1987 994 2073 legem.1
1037 1993 1108 2056 Etsi

165 2081 258 2144 enim
279 2081 379 2145 habet
401 2083 505 2145 nultus
528 2103 613 2159 suos,
638 2083 699 2146 etsi
721 2083 863 2146 ostendit
884 2082 972 2162 quod
992 2082 1106 2144 facien-

166 2170 249 2232 dum
272 2170 322 2246 sit,
346 2178 457 2232 tamen
479 2171 563 2234 siout
577 2172 677 2247 cibus,
703 2172 760 2251 qui
774 2171 895 2233 famem
917 2189 983 2233 non
1006 2170 1106 2246 sedat,

166 2258 227 2321 sed
256 2258 403 2322 aooendit
430 2261 533 2340 magis
563 2267 595 2323 et
624 2260 713 2323 iritat
735 2261 952 2322 stomachum:
983 2259 1033 2323 Ita
1055 2260 1108 2320 lex

165 2348 322 2427 relinquit
344 2348 469 2410 animos
493 2349 605 2411 anxios
634 2356 667 2412 et
689 2348 805 2412 dubios
827 2349 867 2411 de
895 2349 1010 2424 salute,
1042 2369 1107 2411 non

165 2443 306 2517 possunt
338 2443 464 2499 mentes
497 2437 532 2499 in
565 2439 617 2500 his
652 2438 860 2518 acquiescere.
912 2438 1018 2518 Atque
1045 2436 1107 2499 hoo

165 2524 284 2588 vitium
314 2525 349 2588 in
378 2545 493 2605 genere
520 2531 569 2590 est
598 2527 746 2589 omnium
774 2527 955 2589 studiorum
982 2531 1014 2589 et
1036 2545 1106 2607 ope·

166 2607 255 2690 rum,
286 2632 369 2693 quae
400 2614 619 2696 suscipiuntur
649 2615 690 2676 ud
719 2615 911 2696 planandam
940 2615 1021 2676 iram
1044 2615 1106 2676 dei.

165 2703 367 2782 Relinquunt
395 2704 484 2765 enim
514 2704 617 2784 magis
646 2703 762 2766 dubios
792 2709 825 2766 et
847 2702 958 2765 anxios
983 2703 1107 2764 animos

165 2809 267 2870 quam
290 2798 491 2872 aeceperunt.
537 2793 648 2855 Multis
679 2811 755 2854 suae
782 2791 974 2854 tentationes
996 2791 1032 2851 in
1054 2809 1135 2870 pa,

165 2886 247 2960 patu
269 2899 367 2942 eausa
389 2881 529 2956 fuerunt,
552 2888 590 2944 ut
612 2881 721 2943 relicto
748 2879 866 2942 usitato
886 2877 970 2941 vitae
994 2897 1108 2956 genere

166 2986 203 3030 se
229 2968 386 3030 abderent
414 2968 450 3030 in
476 2963 699 3032 monasteria.²
753 2967 931 3050 Sperabant
960 2966 1047 3028 enim
1076 2972 1109 3029 et

166 3057 410 3120 eonversatione
430 3065 616 3121 sanctorum
637 3057 809 3120 hominum
838 3056 897 3135 (ita
923 3055 1011 3117 enirn
1037 3061 1108 3117 tum

165 3145 409 3223 indicabantur)
443 3153 476 3209 et
508 3147 637 3209 assiduo
671 3147 776 3209 cultus
810 3145 862 3208 dei
895 3140 1045 3207 exereitio
1075 3164 1108 3206 se

166 3233 319 3296 liberatos
348 3233 398 3295 iri
444 3233 507 3296 Sed
537 3235 602 3298 fere
629 3235 746 3298 accidit
771 3240 809 3296 ut
835 3233 877 3296 ad
899 3233 1019 3314 priores
1042 3239 1107 3296 ten-

165 3322 307 3385 tationes
330 3329 442 3402 postea
465 3323 545 3385 aliae
568 3323 726 3404 graviores
743 3330 996 3403 aggregarentur.
1036 3323 1109 3386 Non

176 3411 299 3487 eiunia,
324 3428 392 3474 non
415 3412 562 3474 assiduae
582 3412 750 3489 orationes,
774 3431 841 3474 non
864 3410 926 3473 alia
948 3412 1107 3488 exercitia,

179 3500 330 3562 renatam
350 3502 512 3563 morbum.
547 3500 629 3564 Sunt
650 3501 749 3580 igitur
770 3500 881 3564 omnia
901 3500 981 3564 haee
1004 3499 1110 3564 studia

263 3708 290 3776 1)
307 3711 369 3764 Lex
388 3725 439 3764 ceu
457 3708 538 3764 cibus
557 3726 614 3777 quo
636 3710 802 3764 ascenditur
827 3710 925 3762 fames.
963 3707 991 3774 2)
1011 3705 1109 3759 Animi

176 3795 232 3833 uon
252 3782 436 3848 aequiescunt
453 3781 487 3834 in
504 3782 612 3835 nostris
630 3781 773 3849 operibus.
