2584 4267
426 280 524 345 Joelis
546 283 730 364 prophetae.
984 282 1045 344 151

119 460 226 521 timore
247 458 300 520 dei
322 458 450 522 educati
470 458 563 521 liberi
585 479 674 536 vere,
703 465 740 522 ut
762 459 913 523 Salomon
935 453 1042 535 dicit,1

121 547 283 610 laetificant
305 552 454 628 parentes
477 552 510 611 et
532 554 608 611 sunt
629 568 747 611 corona
771 555 953 630 parentum.
999 547 1049 611 Ita

122 655 239 717 quoqne
260 636 320 699 ubi
335 642 482 717 parentes
504 637 590 699 hano
613 656 724 700 curam
747 638 903 701 abiiciunt
924 642 957 699 et
978 656 1046 698 non

122 726 217 787 solum
238 745 306 788 non
327 725 503 788 instituunt
525 745 600 788 suos
623 726 665 788 ad
683 726 847 808 pietatem,
871 725 928 790 sed
950 724 1049 789 etiam

122 813 269 876 scandalis
292 813 471 896 depravant
499 833 589 890 suos,
619 814 667 877 ibi
696 815 874 879 necessario
902 814 1047 895 sequitur

121 900 166 963 ira
195 902 245 964 dei
278 922 315 964 ac
350 902 455 965 omnis
489 903 613 982 generis
657 903 915 980 maledictiones,
962 922 1045 983 quae

120 996 262 1071 utrosque
284 990 456 1055 involvunt
477 996 510 1054 et
538 998 687 1073 parentes
717 999 749 1055 et
776 993 908 1068 liberos,
939 1010 1048 1054 secun·

121 1077 197 1141 dum
216 1080 421 1144 sententiam:
451 1080 548 1143 Dolor
570 1082 672 1162 patris
694 1081 780 1144 filius
802 1074 948 1145 stultus.²
998 1080 1049 1143 Sic

97 1168 205 1229 'enim
223 1168 341 1231 usitata
362 1168 473 1249 phrasi
494 1176 588 1233 vocat
610 1170 784 1251 scriptura,
808 1170 865 1249 qui
887 1169 1049 1249 religionis

120 1261 150 1318 et
170 1256 254 1319 verbi
276 1256 427 1321 notitiam
449 1263 505 1321 aut
528 1278 639 1321 curam
654 1257 777 1321 nnllam
791 1257 923 1321 habent.
961 1257 1050 1320 Sicut

119 1362 135 1405 e
163 1351 269 1409 eontra
302 1364 431 1409 summa
458 1347 618 1428 sapientia
650 1354 714 1423 est,
749 1347 861 1411 timere
891 1346 989 1409 deum
1018 1352 1050 1408 et

119 1432 246 1497 verbum
269 1434 337 1497 eius
360 1434 536 1499 observare.
576 1436 704 1499 Debent
718 1442 827 1499 autem
841 1435 889 1518 pii
903 1434 1048 1498 doctores

119 1521 150 1583 in
171 1523 306 1603 publicis
329 1516 601 1587 concionibus-'ad
623 1526 709 1587 hanc
730 1544 841 1587 curam
856 1524 1049 1588 domesticae

119 1608 299 1692 disciplinae
323 1631 417 1693 saepe
440 1613 614 1677 corhortari
635 1619 800 1695 parenteS,
825 1632 862 1677 ae
883 1620 956 1676 tum
978 1633 1047 1693 pro·

118 1699 333 1777 missionibus,
356 1707 428 1763 tum
450 1701 561 1777 minis,
592 1708 664 1765 tum
687 1702 853 1783 exemplis,
883 1708 956 1764 tum
978 1720 1046 1763 sen·

119 1788 221 1851 tentiis
243 1808 406 1852 sacrarum
427 1789 592 1854 literarum
615 1810 669 1854 eos
691 1791 840 1865 excitare,
864 1790 964 1851 nain
985 1790 1047 1851 hac

119 1882 203 1955 parte
224 1878 330 1940 officio
354 1897 411 1941 suo
435 1878 550 1941 desint.
597 1880 680 1942 Vere
707 1879 796 1941 enim
823 1878 886 1941 hoc
912 1878 1046 1941 semina·

118 1963 197 2025 rium
218 1966 346 2047 pietatis
369 1973 402 2030 et
424 1986 549 2031 nervus*
563 1967 762 2050 disciplinae,
774 1972 832 2043 est,
856 1966 884 2029 si
904 1966 1048 2029 adhunc

46 2112 51 2121 ,
119 2054 246 2116 modum
269 2054 359 2117 domi
381 2076 401 2117 a
422 2056 490 2118 suis
512 2056 649 2119 fideliter
670 2057 858 2119 instituatur
885 2055 1046 2120 iuventus.

119 2140 221 2223 Neque
244 2144 363 2207 hocin
385 2144 454 2207 loco
477 2151 555 2208 tam·
568 2150 717 2209 accurata
738 2132 913 2226 prophetae
936 2144 1046 2207 exhor·

119 2231 189 2294 tatio
211 2232 404 2313 negligenda
426 2233 498 2297 fuit.

221 2373 384 2437 Eiulate
414 2374 519 2438 ebrii
549 2381 587 2437 et
613 2370 771 2454 ulutate
799 2393 929 2438 omnes
958 2375 1047 2439 vini

156 2468 359 2543 potatores
382 2471 545 2547 propter
567 2470 748 2527 mustum.
793 2464 919 2528 Periit
940 2465 1047 2527 enim

157 2550 203 2613 ab
241 2571 307 2614 ore
344 2559 485 2616 vestro.
555 2552 662 2617 Gens
695 2552 799 2616 enim
837 2554 971 2633 fortis,
1010 2558 1048 2615 et

157 2659 256 2719 quae
278 2640 485 2705 numerari
507 2642 664 2721 nequit,
697 2642 876 2706 ascendit
898 2642 948 2704 ad
964 2643 1046 2705 'ter-

156 2747 235 2791 ram
263 2748 400 2793 meam.
446 2732 594 2794 Dentes
624 2732 708 2795 eius
735 2730 874 2794 dentes
901 2730 1045 2806 leonis,

157 2824 192 2881 et
221 2818 396 2883 molares
433 2819 469 2882 ei
503 2820 645 2883 leonis.
705 2818 878 2882 Vineam
919 2838 1047 2881 meam
1121 2813 1125 2819 ’

157 2908 343 2985 vastavit,
376 2915 416 2972 et
445 2906 722 2987 decorticavit
752 2907 876 2970 ficum
906 2926 1045 2984 meam,

157 2998 320 3075 penitus
355 3016 439 3059 eam
475 2996 751 3063 decorticavit
788 3016 832 3059 ac
865 2996 1048 3077 proiecit

158 3102 250 3161 eam,
280 3085 423 3149 albent
451 3086 552 3149 rami
581 3086 680 3148 eius.

203 3202 326 3289 ³Supra
359 3210 622 3273 commemoravit
655 3210 860 3290 praeteritam
897 3230 1045 3291 poenam,

121 3310 151 3354 ac
169 3295 264 3359 iussit
285 3316 358 3360 eam
380 3299 550 3379 diligenter
571 3298 779 3375 considerari,
809 3306 848 3363 ut
868 3300 930 3362 hoc
952 3308 1046 3382 pacto

168 3386 308 3449 excitent
330 3387 372 3450 ad
394 3387 642 3469 poenitentiam,
666 3389 729 3451 hoc
751 3395 815 3465 est,
839 3395 877 3453 ut
898 3395 931 3453 et
952 3410 1046 3471 agno·

163 3481 201 3537 nt
221 3481 354 3556 peccata
376 3482 409 3539 et
435 3476 616 3541 emendent.
662 3477 757 3540 Nunc
785 3478 978 3542 vaticinatam
1007 3480 1047 3542 de

159 3613 323 3625 ---

199 3683 226 3751 1)
245 3685 320 3739 Ion:
339 3686 421 3740 Prov.
442 3684 484 3738 10.
521 3684 643 3754 2)1en.:
668 3687 749 3741 Prov.
774 3686 816 3740 19.
852 3686 881 3755 3)
894 3686 974 3750 ,Iena
993 3685 1046 3739 Va·

163 3758 244 3809 natur
270 3756 307 3811 de
330 3755 493 3812 vastatione
510 3773 562 3825 per
580 3757 755 3825 Babylonios
773 3758 877 3812 futura.
