<?xml version="1.0" encoding="UTF-8"?>
<!DOCTYPE html PUBLIC "-//W3C//DTD XHTML 1.0 Transitional//EN"
    "http://www.w3.org/TR/xhtml1/DTD/xhtml1-transitional.dtd">
<html xmlns="http://www.w3.org/1999/xhtml" xml:lang="en" lang="en">
 <head>
  <title>
</title>
<meta http-equiv="Content-Type" content="text/html;charset=utf-8" />
  <meta name='ocr-system' content='tesseract 3.04.00' />
  <meta name='ocr-capabilities' content='ocr_page ocr_carea ocr_par ocr_line ocrx_word'/>
</head>
<body>
  <div class='ocr_page' id='page_1' title='image "./exegeticaoperal12luthgoog_0512.png"; bbox 0 0 2584 4267; ppageno 0'>
   <div class='ocr_carea' id='block_1_1' title="bbox 831 1228 1620 1315">
    <p class='ocr_par' dir='ltr' id='par_1_1' title="bbox 831 1228 1620 1315">
     <span class='ocr_line' id='line_1_1' title="bbox 831 1228 1620 1315; baseline 0.003 -3"><span class='ocrx_word' id='word_1_1' title='bbox 831 1228 1620 1315; x_wconf 55' lang='lat' dir='ltr'>PROLEGOMENa</span> 
     </span>
    </p>
   </div>
   <div class='ocr_carea' id='block_1_2' title="bbox 8 0 350 2845">
    <p class='ocr_par' dir='ltr' id='par_1_2' title="bbox 8 0 350 2845">
     <span class='ocr_line' id='line_1_2' title="bbox 8 0 350 2845; baseline 0 0"><span class='ocrx_word' id='word_1_2' title='bbox 8 0 350 2845; x_wconf 95' lang='lat' dir='ltr'> </span> 
     </span>
    </p>
   </div>
   <div class='ocr_carea' id='block_1_3' title="bbox 289 1506 2173 3334">
    <p class='ocr_par' dir='ltr' id='par_1_3' title="bbox 289 1506 2169 2272">
     <span class='ocr_line' id='line_1_3' title="bbox 289 1506 2169 1635; baseline 0 -21"><span class='ocrx_word' id='word_1_3' title='bbox 289 1506 616 1615; x_wconf 68' lang='lat' dir='ltr'>Abdjam</span> <span class='ocrx_word' id='word_1_4' title='bbox 661 1553 1045 1635; x_wconf 84' lang='lat' dir='ltr'>prophetam</span> <span class='ocrx_word' id='word_1_5' title='bbox 1090 1553 1411 1616; x_wconf 88' lang='lat' dir='ltr'>Lutherus</span> <span class='ocrx_word' id='word_1_6' title='bbox 1470 1553 1541 1614; x_wconf 92' lang='lat' dir='ltr'>in</span> <span class='ocrx_word' id='word_1_7' title='bbox 1600 1550 1832 1615; x_wconf 71' lang='lat' dir='ltr'>echelie</span> <span class='ocrx_word' id='word_1_8' title='bbox 1888 1550 2169 1634; x_wconf 78' lang='lat' dir='ltr'>publieie</span> 
     </span>
     <span class='ocr_line' id='line_1_4' title="bbox 289 1655 2169 1741; baseline 0 -19"><span class='ocrx_word' id='word_1_9' title='bbox 289 1655 1000 1740; x_wconf 65' lang='lat' dir='ltr'>Vuittembergensib&#39;us</span> <span class='ocrx_word' id='word_1_10' title='bbox 1090 1659 1463 1741; x_wconf 78' lang='lat' dir='ltr'>explanavit</span> <span class='ocrx_word' id='word_1_11' title='bbox 1540 1658 1692 1722; x_wconf 80' lang='lat' dir='ltr'>inde</span> <span class='ocrx_word' id='word_1_12' title='bbox 1780 1658 1860 1722; x_wconf 79' lang='lat' dir='ltr'>ab</span> <span class='ocrx_word' id='word_1_13' title='bbox 1944 1658 2169 1722; x_wconf 79' lang='lat' dir='ltr'>Idibue</span> 
     </span>
     <span class='ocr_line' id='line_1_5' title="bbox 289 1764 2169 1846; baseline 0.002 -20"><span class='ocrx_word' id='word_1_14' title='bbox 289 1765 604 1830; x_wconf 70' lang='lat' dir='ltr'>Ianuariis</span> <span class='ocrx_word' id='word_1_15' title='bbox 648 1783 854 1846; x_wconf 90' lang='lat' dir='ltr'>usque</span> <span class='ocrx_word' id='word_1_16' title='bbox 913 1764 997 1828; x_wconf 90' lang='lat' dir='ltr'>ad</span> <span class='ocrx_word' id='word_1_17' title='bbox 1043 1764 1359 1828; x_wconf 85' lang='lat' dir='ltr'>Calendas</span> <span class='ocrx_word' id='word_1_18' title='bbox 1404 1765 1784 1830; x_wconf 73' lang='lat' dir='ltr'>Februariae</span> <span class='ocrx_word' id='word_1_19' title='bbox 1828 1766 2169 1830; x_wconf 67' lang='lat' dir='ltr'>MDXXV.</span> 
     </span>
     <span class='ocr_line' id='line_1_6' title="bbox 289 1869 2169 1950; baseline -0.001 -16"><span class='ocrx_word' id='word_1_20' title='bbox 289 1874 485 1934; x_wconf 79' lang='lat' dir='ltr'>Cuiue</span> <span class='ocrx_word' id='word_1_21' title='bbox 553 1873 646 1935; x_wconf 91' lang='lat' dir='ltr'>rei</span> <span class='ocrx_word' id='word_1_22' title='bbox 713 1871 894 1935; x_wconf 87' lang='lat' dir='ltr'>testis</span> <span class='ocrx_word' id='word_1_23' title='bbox 955 1878 1055 1944; x_wconf 85' lang='lat' dir='ltr'>est</span> <span class='ocrx_word' id='word_1_24' title='bbox 1112 1870 1317 1934; x_wconf 80' lang='lat' dir='ltr'>codex</span> <span class='ocrx_word' id='word_1_25' title='bbox 1370 1869 1904 1950; x_wconf 77' lang='lat' dir='ltr'>Altenburgeneie</span> <span class='ocrx_word' id='word_1_26' title='bbox 1972 1890 2012 1930; x_wconf 70' lang='lat' dir='ltr'>a</span> <span class='ocrx_word' id='word_1_27' title='bbox 2064 1890 2169 1934; x_wconf 80' lang='lat' dir='ltr'>me</span> 
     </span>
     <span class='ocr_line' id='line_1_7' title="bbox 293 1978 2169 2062; baseline -0.002 -20"><span class='ocrx_word' id='word_1_28' title='bbox 293 1986 598 2062; x_wconf 81' lang='lat' dir='ltr'>repertus,</span> <span class='ocrx_word' id='word_1_29' title='bbox 644 1997 727 2040; x_wconf 88' lang='lat' dir='ltr'>ex</span> <span class='ocrx_word' id='word_1_30' title='bbox 756 1997 885 2058; x_wconf 93' lang='lat' dir='ltr'>quo</span> <span class='ocrx_word' id='word_1_31' title='bbox 927 1983 1304 2041; x_wconf 84' lang='lat' dir='ltr'>contextum</span> <span class='ocrx_word' id='word_1_32' title='bbox 1334 1978 1660 2058; x_wconf 68' lang='lat' dir='ltr'>sequentia</span> <span class='ocrx_word' id='word_1_33' title='bbox 1692 1978 2169 2042; x_wconf 78' lang='lat' dir='ltr'>eemfflentatie-</span> 
     </span>
     <span class='ocr_line' id='line_1_8' title="bbox 293 2082 2169 2166; baseline 0 -20"><span class='ocrx_word' id='word_1_34' title='bbox 293 2086 393 2146; x_wconf 79' lang='lat' dir='ltr'>nie</span> <span class='ocrx_word' id='word_1_35' title='bbox 469 2083 795 2164; x_wconf 79' lang='lat' dir='ltr'>integrum</span> <span class='ocrx_word' id='word_1_36' title='bbox 860 2085 1074 2166; x_wconf 84' lang='lat' dir='ltr'>recepi</span> <span class='ocrx_word' id='word_1_37' title='bbox 1150 2083 1391 2147; x_wconf 83' lang='lat' dir='ltr'>additis</span> <span class='ocrx_word' id='word_1_38' title='bbox 1460 2083 1628 2147; x_wconf 81' lang='lat' dir='ltr'>notie</span> <span class='ocrx_word' id='word_1_39' title='bbox 1704 2082 2169 2162; x_wconf 71' lang='lat' dir='ltr'>marginalibue</span> 
     </span>
     <span class='ocr_line' id='line_1_9' title="bbox 293 2189 1740 2272; baseline 0 -18"><span class='ocrx_word' id='word_1_40' title='bbox 293 2190 537 2254; x_wconf 78' lang='lat' dir='ltr'>ibidem</span> <span class='ocrx_word' id='word_1_41' title='bbox 581 2190 789 2255; x_wconf 82' lang='lat' dir='ltr'>obviis</span> <span class='ocrx_word' id='word_1_42' title='bbox 833 2190 943 2254; x_wconf 92' lang='lat' dir='ltr'>hic</span> <span class='ocrx_word' id='word_1_43' title='bbox 988 2191 1308 2254; x_wconf 78' lang='lat' dir='ltr'>asteriscis</span> <span class='ocrx_word' id='word_1_44' title='bbox 1353 2189 1740 2272; x_wconf 82' lang='lat' dir='ltr'>conspieuie.</span> 
     </span>
    </p>

    <p class='ocr_par' dir='ltr' id='par_1_4' title="bbox 289 2294 2173 3334">
     <span class='ocr_line' id='line_1_10' title="bbox 469 2294 2169 2361; baseline -0.001 -2"><span class='ocrx_word' id='word_1_45' title='bbox 469 2296 965 2360; x_wconf 82' lang='lat' dir='ltr'>Praelectionem</span> <span class='ocrx_word' id='word_1_46' title='bbox 1013 2296 1295 2361; x_wconf 87' lang='lat' dir='ltr'>doctoris</span> <span class='ocrx_word' id='word_1_47' title='bbox 1340 2296 1472 2358; x_wconf 91' lang='lat' dir='ltr'>iam</span> <span class='ocrx_word' id='word_1_48' title='bbox 1518 2315 1688 2358; x_wconf 79' lang='lat' dir='ltr'>anne</span> <span class='ocrx_word' id='word_1_49' title='bbox 1732 2294 2169 2358; x_wconf 63' lang='lat' dir='ltr'>MDXXXVT.</span> 
     </span>
     <span class='ocr_line' id='line_1_11' title="bbox 293 2403 2169 2487; baseline 0 -21"><span class='ocrx_word' id='word_1_50' title='bbox 293 2406 565 2466; x_wconf 68' lang='lat' dir='ltr'>Ioannes</span> <span class='ocrx_word' id='word_1_51' title='bbox 594 2403 916 2481; x_wconf 88' lang='lat' dir='ltr'>Albertus,</span> <span class='ocrx_word' id='word_1_52' title='bbox 965 2404 1412 2487; x_wconf 78' lang='lat' dir='ltr'>typographus</span> <span class='ocrx_word' id='word_1_53' title='bbox 1451 2405 1984 2484; x_wconf 72' lang='lat' dir='ltr'>Argenteratinue</span> <span class='ocrx_word' id='word_1_54' title='bbox 2036 2422 2169 2466; x_wconf 76' lang='lat' dir='ltr'>uua</span> 
     </span>
     <span class='ocr_line' id='line_1_12' title="bbox 293 2510 2173 2590; baseline 0 -16"><span class='ocrx_word' id='word_1_55' title='bbox 293 2530 445 2574; x_wconf 78' lang='lat' dir='ltr'>eum</span> <span class='ocrx_word' id='word_1_56' title='bbox 489 2510 997 2573; x_wconf 77' lang='lat' dir='ltr'>enarrationibus</span> <span class='ocrx_word' id='word_1_57' title='bbox 1052 2511 1122 2572; x_wconf 88' lang='lat' dir='ltr'>in</span> <span class='ocrx_word' id='word_1_58' title='bbox 1168 2510 1408 2573; x_wconf 91' lang='lat' dir='ltr'>Ioelem</span> <span class='ocrx_word' id='word_1_59' title='bbox 1468 2515 1534 2573; x_wconf 94' lang='lat' dir='ltr'>et</span> <span class='ocrx_word' id='word_1_60' title='bbox 1576 2513 1776 2574; x_wconf 75' lang='lat' dir='ltr'>Amee</span> <span class='ocrx_word' id='word_1_61' title='bbox 1820 2510 2173 2590; x_wconf 68' lang='lat' dir='ltr'>prophetae</span> 
     </span>
     <span class='ocr_line' id='line_1_13' title="bbox 289 2614 2173 2698; baseline 0 -20"><span class='ocrx_word' id='word_1_62' title='bbox 289 2614 497 2678; x_wconf 73' lang='lat' dir='ltr'>edidit.</span> <span class='ocrx_word' id='word_1_63' title='bbox 541 2614 610 2677; x_wconf 89' lang='lat' dir='ltr'>in</span> <span class='ocrx_word' id='word_1_64' title='bbox 653 2616 841 2678; x_wconf 85' lang='lat' dir='ltr'>tertia</span> <span class='ocrx_word' id='word_1_65' title='bbox 885 2622 1068 2697; x_wconf 86' lang='lat' dir='ltr'>parte</span> <span class='ocrx_word' id='word_1_66' title='bbox 1111 2616 1289 2692; x_wconf 87' lang='lat' dir='ltr'>libri,</span> <span class='ocrx_word' id='word_1_67' title='bbox 1341 2616 1524 2679; x_wconf 91' lang='lat' dir='ltr'>cuius</span> <span class='ocrx_word' id='word_1_68' title='bbox 1568 2615 2052 2698; x_wconf 76' lang='lat' dir='ltr'>ineeripiienem</span> <span class='ocrx_word' id='word_1_69' title='bbox 2105 2618 2173 2678; x_wconf 81' lang='lat' dir='ltr'>in</span> 
     </span>
     <span class='ocr_line' id='line_1_14' title="bbox 289 2719 2169 2802; baseline 0 -16"><span class='ocrx_word' id='word_1_70' title='bbox 289 2719 762 2802; x_wconf 78' lang='lat' dir='ltr'>Prolegomenis</span> <span class='ocrx_word' id='word_1_71' title='bbox 809 2720 893 2783; x_wconf 80' lang='lat' dir='ltr'>ad</span> <span class='ocrx_word' id='word_1_72' title='bbox 930 2721 1169 2784; x_wconf 89' lang='lat' dir='ltr'>Ioelem</span> <span class='ocrx_word' id='word_1_73' title='bbox 1197 2721 1286 2784; x_wconf 90' lang='grc' dir='ltr'>Π.</span> <span class='ocrx_word' id='word_1_74' title='bbox 1335 2722 1808 2786; x_wconf 66' lang='lat' dir='ltr'>accuratissime</span> <span class='ocrx_word' id='word_1_75' title='bbox 1840 2722 2169 2802; x_wconf 70' lang='lat' dir='ltr'>exeeripei.</span> 
     </span>
     <span class='ocr_line' id='line_1_15' title="bbox 293 2826 2173 2907; baseline 0 -17"><span class='ocrx_word' id='word_1_76' title='bbox 293 2826 509 2890; x_wconf 69' lang='lat' dir='ltr'>Edit-ie</span> <span class='ocrx_word' id='word_1_77' title='bbox 553 2826 725 2889; x_wconf 81' lang='lat' dir='ltr'>faeta</span> <span class='ocrx_word' id='word_1_78' title='bbox 785 2831 883 2889; x_wconf 87' lang='lat' dir='ltr'>est</span> <span class='ocrx_word' id='word_1_79' title='bbox 936 2826 1154 2890; x_wconf 84' lang='lat' dir='ltr'>codice</span> <span class='ocrx_word' id='word_1_80' title='bbox 1199 2828 1696 2907; x_wconf 80' lang='lat' dir='ltr'>Altenburgenei</span> <span class='ocrx_word' id='word_1_81' title='bbox 1756 2838 1908 2890; x_wconf 79' lang='lat' dir='ltr'>ante</span> <span class='ocrx_word' id='word_1_82' title='bbox 1955 2830 2173 2890; x_wconf 76' lang='lat' dir='ltr'>eeulee</span> 
     </span>
     <span class='ocr_line' id='line_1_16' title="bbox 293 2932 2173 3014; baseline 0.002 -20"><span class='ocrx_word' id='word_1_83' title='bbox 293 2934 618 3014; x_wconf 78' lang='lat' dir='ltr'>prepeeito</span> <span class='ocrx_word' id='word_1_84' title='bbox 643 2983 658 3010; x_wconf 95' lang='lat'>,</span> <span class='ocrx_word' id='word_1_85' title='bbox 707 2932 868 2996; x_wconf 90' lang='lat' dir='ltr'>fides</span> <span class='ocrx_word' id='word_1_86' title='bbox 913 2934 1257 2998; x_wconf 86' lang='lat' dir='ltr'>verborum</span> <span class='ocrx_word' id='word_1_87' title='bbox 1317 2953 1467 2998; x_wconf 89' lang='lat' dir='ltr'>vero</span> <span class='ocrx_word' id='word_1_88' title='bbox 1526 2954 1660 2998; x_wconf 77' lang='lat' dir='ltr'>non</span> <span class='ocrx_word' id='word_1_89' title='bbox 1720 2934 1876 2998; x_wconf 78' lang='lat' dir='ltr'>eatie</span> <span class='ocrx_word' id='word_1_90' title='bbox 1920 2938 2173 2998; x_wconf 67' lang='lat' dir='ltr'>eerrata</span> 
     </span>
     <span class='ocr_line' id='line_1_17' title="bbox 297 3037 2169 3122; baseline 0 -20"><span class='ocrx_word' id='word_1_91' title='bbox 297 3044 581 3122; x_wconf 76' lang='lat' dir='ltr'>apparet.</span> <span class='ocrx_word' id='word_1_92' title='bbox 706 3037 933 3102; x_wconf 82' lang='lat' dir='ltr'>Editor</span> <span class='ocrx_word' id='word_1_93' title='bbox 1014 3039 1182 3121; x_wconf 72' lang='lat' dir='ltr'>ipse·</span> <span class='ocrx_word' id='word_1_94' title='bbox 1228 3039 1300 3102; x_wconf 89' lang='lat' dir='ltr'>in</span> <span class='ocrx_word' id='word_1_95' title='bbox 1375 3040 1772 3122; x_wconf 69' lang='lat' dir='ltr'>praefatione</span> <span class='ocrx_word' id='word_1_96' title='bbox 1844 3042 2169 3102; x_wconf 83' lang='lat' dir='ltr'>liberrime</span> 
     </span>
     <span class='ocr_line' id='line_1_18' title="bbox 293 3146 2169 3226; baseline 0 -20"><span class='ocrx_word' id='word_1_97' title='bbox 293 3146 657 3226; x_wconf 78' lang='lat' dir='ltr'>profitetur,</span> <span class='ocrx_word' id='word_1_98' title='bbox 719 3151 1133 3209; x_wconf 87' lang='lat' dir='ltr'>retractatum</span> <span class='ocrx_word' id='word_1_99' title='bbox 1189 3165 1328 3210; x_wconf 90' lang='lat' dir='ltr'>esse</span> <span class='ocrx_word' id='word_1_100' title='bbox 1387 3146 1924 3210; x_wconf 76' lang='lat' dir='ltr'>commentarium</span> <span class='ocrx_word' id='word_1_101' title='bbox 1968 3166 2169 3210; x_wconf 75' lang='lat' dir='ltr'>manu</span> 
     </span>
     <span class='ocr_line' id='line_1_19' title="bbox 301 3251 1309 3334; baseline 0 -20"><span class='ocrx_word' id='word_1_102' title='bbox 301 3254 629 3334; x_wconf 76' lang='lat' dir='ltr'>eeriptum.</span> <span class='ocrx_word' id='word_1_103' title='bbox 723 3251 1055 3324; x_wconf 85' lang='lat' dir='ltr'>Praefatur</span> <span class='ocrx_word' id='word_1_104' title='bbox 1100 3251 1309 3327; x_wconf 82' lang='lat' dir='ltr'>enim:</span> 
     </span>
    </p>
   </div>
   <div class='ocr_carea' id='block_1_4' title="bbox 381 3427 2169 3829">
    <p class='ocr_par' dir='ltr' id='par_1_5' title="bbox 381 3427 2169 3829">
     <span class='ocr_line' id='line_1_20' title="bbox 517 3427 2166 3494; baseline 0 -4"><span class='ocrx_word' id='word_1_105' title='bbox 517 3427 734 3492; x_wconf 81' lang='lat' dir='ltr'>Aediti</span> <span class='ocrx_word' id='word_1_106' title='bbox 801 3436 954 3494; x_wconf 89' lang='lat' dir='ltr'>sunt</span> <span class='ocrx_word' id='word_1_107' title='bbox 1010 3449 1049 3491; x_wconf 90' lang='lat' dir='ltr'>a</span> <span class='ocrx_word' id='word_1_108' title='bbox 1107 3429 1186 3492; x_wconf 90' lang='lat' dir='ltr'>D.</span> <span class='ocrx_word' id='word_1_109' title='bbox 1234 3430 1517 3493; x_wconf 90' lang='lat' dir='ltr'>Luthero</span> <span class='ocrx_word' id='word_1_110' title='bbox 1571 3438 1720 3494; x_wconf 78' lang='lat' dir='ltr'>ante</span> <span class='ocrx_word' id='word_1_111' title='bbox 1788 3450 1992 3494; x_wconf 74' lang='lat' dir='ltr'>annue</span> <span class='ocrx_word' id='word_1_112' title='bbox 2064 3430 2166 3490; x_wconf 74' lang='lat' dir='ltr'>ali-</span> 
     </span>
     <span class='ocr_line' id='line_1_21' title="bbox 381 3534 2169 3618; baseline 0.002 -24"><span class='ocrx_word' id='word_1_113' title='bbox 381 3538 541 3614; x_wconf 69' lang='lat' dir='ltr'>quet</span> <span class='ocrx_word' id='word_1_114' title='bbox 585 3537 952 3615; x_wconf 84' lang='lat' dir='ltr'>germanica</span> <span class='ocrx_word' id='word_1_115' title='bbox 993 3535 1218 3616; x_wconf 86' lang='lat' dir='ltr'>lingua</span> <span class='ocrx_word' id='word_1_116' title='bbox 1272 3542 1403 3600; x_wconf 89' lang='lat' dir='ltr'>tres</span> <span class='ocrx_word' id='word_1_117' title='bbox 1461 3555 1544 3598; x_wconf 83' lang='lat' dir='ltr'>ex</span> <span class='ocrx_word' id='word_1_118' title='bbox 1587 3537 1920 3618; x_wconf 72' lang='lat' dir='ltr'>Prophetie</span> <span class='ocrx_word' id='word_1_119' title='bbox 1968 3534 2169 3598; x_wconf 73' lang='lat' dir='ltr'>mine-</span> 
     </span>
     <span class='ocr_line' id='line_1_22' title="bbox 381 3638 2167 3718; baseline -0.001 -16"><span class='ocrx_word' id='word_1_120' title='bbox 381 3638 580 3718; x_wconf 78' lang='lat' dir='ltr'>ribus,</span> <span class='ocrx_word' id='word_1_121' title='bbox 612 3641 900 3718; x_wconf 80' lang='lat' dir='ltr'>Abacuk‚</span> <span class='ocrx_word' id='word_1_122' title='bbox 946 3641 1140 3706; x_wconf 87' lang='lat' dir='ltr'>Ionas</span> <span class='ocrx_word' id='word_1_123' title='bbox 1171 3648 1236 3705; x_wconf 91' lang='lat' dir='ltr'>et</span> <span class='ocrx_word' id='word_1_124' title='bbox 1264 3643 1620 3718; x_wconf 81' lang='lat' dir='ltr'>Zacharias,</span> <span class='ocrx_word' id='word_1_125' title='bbox 1672 3662 1820 3706; x_wconf 80' lang='lat' dir='ltr'>eum</span> <span class='ocrx_word' id='word_1_126' title='bbox 1852 3662 2167 3706; x_wconf 79' lang='lat' dir='ltr'>eemmen-</span> 
     </span>
     <span class='ocr_line' id='line_1_23' title="bbox 381 3746 2169 3829; baseline 0 -19"><span class='ocrx_word' id='word_1_127' title='bbox 381 3746 594 3825; x_wconf 70' lang='lat' dir='ltr'>tal-fle,</span> <span class='ocrx_word' id='word_1_128' title='bbox 651 3747 722 3810; x_wconf 88' lang='lat' dir='ltr'>in</span> <span class='ocrx_word' id='word_1_129' title='bbox 776 3748 1012 3828; x_wconf 88' lang='lat' dir='ltr'>quibus</span> <span class='ocrx_word' id='word_1_130' title='bbox 1052 3747 1168 3814; x_wconf 60' lang='lat' dir='ltr'>⁴vir</span> <span class='ocrx_word' id='word_1_131' title='bbox 1224 3748 1485 3829; x_wconf 84' lang='lat' dir='ltr'>ingenio</span> <span class='ocrx_word' id='word_1_132' title='bbox 1544 3768 1868 3826; x_wconf 75' lang='lat' dir='ltr'>summue,</span> <span class='ocrx_word' id='word_1_133' title='bbox 1940 3754 2004 3810; x_wconf 85' lang='lat' dir='ltr'>et</span> <span class='ocrx_word' id='word_1_134' title='bbox 2048 3766 2169 3810; x_wconf 77' lang='lat' dir='ltr'>neu</span> 
     </span>
    </p>
   </div>
  </div>
 </body>
</html>
