2584 4267
824 292 866 355 J
869 292 1022 356 oelis
1068 294 1437 374 prophetae.
1944 297 2069 358 2:32}

236 493 294 536 ac
311 469 631 552 trepidare.
709 464 935 532 ¹Hanc
964 475 1229 533 naturae
1260 470 1785 550 depravationem
1816 470 2061 550 corrigi1

233 561 460 642 spiritus
490 564 754 622 sanctus
786 564 851 622 et
880 563 1083 635 sanat,
1132 579 1265 622 non
1293 558 1366 622 in
1396 558 1495 634 iis,
1541 558 1655 639 qui
1685 559 2069 622 monasticas

230 647 715 730 praeparationes
773 654 839 710 et
894 646 1207 711 solitarias
1252 647 1826 728 contemplationes
1872 654 2069 712 seculi

109 787 110 793 κ
230 744 369 814 sunt,
417 736 529 800 sed
562 737 678 817 qui
708 735 991 801 studiose
1022 736 1368 799 audierunt
1394 737 1664 800 verbum
1709 736 1833 799 dei.
1906 738 2069 799 vido

228 826 373 888 enim
417 825 841 901 Matthaeum‚
900 825 1322 906 publicanum
1377 844 1491 888 cur
1534 824 1842 906 relinquit
1886 845 2069 904 quas:-

225 921 499 979 stuosum'
555 921 621 977 et
687 914 964 996 peccatis
1032 915 1300 997 plenum
1367 913 1536 978 vitae
1604 933 1807 994 genus
1875 920 1940 976 et
2005 938 2069 974 ffl-

226 1002 493 1083 adiungit
561 1001 643 1065 ad
713 1002 1085 1066 Christum?
1186 1003 1414 1066 Nonne
1429 1051 1444 1078 ,
1525 1003 1679 1083 quia
1747 1002 2069 1066 Christum

226 1091 441 1155 solicite
485 1090 777 1154 audivit?
866 1091 970 1154 Sic
1015 1092 1340 1173 peccatrix
1382 1091 1614 1154 mulier
1627 1141 1641 1168 ,
1690 1111 1840 1154 cum
1885 1098 2069 1154 antea

226 1181 564 1244 occasiones
633 1186 1041 1261 peccatorum
1110 1179 1394 1244 studiose
1451 1185 1692 1244 sectata
1747 1186 1939 1255 esset,
2013 1194 2065 1242 ct

228 1269 369 1331 ultro
425 1275 776 1351 captasset,
847 1269 1043 1331 anxia
1098 1270 1338 1350 plorat,
1410 1268 1583 1332 dolet
1637 1268 1718 1330 de
1775 1267 2073 1330 admissis

226 1358 494 1438 peccatis,
545 1363 611 1420 et
655 1358 908 1439 quaerit
950 1358 1393 1421 remissionem
1424 1364 1831 1439 peccatorum
1877 1356 2069 1419 etium

226 1446 285 1508 in
321 1445 525 1509 aliena
569 1447 791 1522 dom0,
848 1447 921 1508 in
966 1465 1201 1510 corona
1244 1446 1536 1526 gravium
1582 1445 1894 1521 virorum,
1943 1465 2069 1526 qun

226 1534 493 1598 accedere
540 1536 768 1598 saltem
815 1535 1041 1617 pudor,
1090 1535 1146 1598 si
1192 1535 1340 1615 quis
1381 1536 1637 1611 inesset,
1685 1533 2065 1617 prohiberet.

226 1625 297 1686 At
334 1643 551 1687 secura
594 1623 675 1686 de
722 1623 970 1687 iudicio⁴
1008 1624 1300 1700 aliorum,
1359 1624 1539 1705 cupit
1583 1623 1804 1686 audire
1849 1643 2065 1687 vocem

225 1711 291 1774 de
316 1712 681 1776 remissione
704 1718 1129 1794 peccatorum.
1180 1713 1340 1786 Quis
1362 1713 1454 1775 ita
1474 1712 1752 1775 mutavit
1781 1711 2069 1774 animuin

225 1801 342 1864 eius
356 1803 385 1862 5³
474 1801 703 1865 Nonne
771 1801 1042 1866 verbum
1094 1801 1268 1881 quod
1325 1820 1407 1862 cx
1461 1800 1712 1862 Christo
1781 1798 2025 1862 audivit
2041 1810 2069 1858 te*

225 1889 479 1953 Zacheus
510 1909 769 1970 quoque
816 1890 1167 1955 delectatus
1197 1890 1510 1953 hactenus
1555 1888 1813 1951 iniustis
1856 1888 2069 1958 lucris,

224 1976 541 2041 dimidiam
593 1979 911 2042 bonorum
965 1984 1216 2060 partem
1271 1977 1595 2060 promittit
1659 1975 2069 2058 pauperibus,

224 2065 592 2132 defraudatis
632 2073 851 2132 autem
894 2066 1442 2132 restaurationem.
1535 2065 1771 2128 Paulus
1818 2084 2069 2146 quoque

226 2173 354 2217 cum
417 2155 669 2221 arderet
733 2156 829 2219 ira
896 2163 1119 2221 contra
1188 2155 1583 2218 Christianos
1601 2204 1615 2231 ,
1687 2153 1770 2216 ad
1839 2153 2069 2215 Christi

226 2263 421 2306 vocem
486 2245 711 2308 statim
755 2245 831 2308 fit
879 2245 1071 2322 aiius,
1144 2250 1209 2307 et
1251 2244 1572 2326 promittit
1627 2263 1695 2306 se
1752 2242 2073 2306 factunm

226 2330 539 2413 imperata,
604 2340 670 2396 et
725 2334 1160 2397 obmissurum
1205 2332 1534 2397 institutas
1580 2332 1875 2395 rationes.
1968 2330 2069 2394 ffic-

226 2420 330 2482 tria
369 2423 569 2484 millia
616 2423 656 2486 J
657 2421 1010 2485 udaeorum
1056 2422 1141 2486 ad
1182 2422 1354 2485 Petri
1399 2421 1772 2485 concionem
1817 2440 2069 2502 respon-

223 2507 387 2572 dent:
436 2510 611 2584 Quid
656 2510 967 2574 faciemus
1013 2511 1151 2575 viri.

386 2593 592 2679 ²Ergo
652 2600 918 2664 verbum
973 2599 1078 2662 dei
1132 2600 1636 2663 instrumentum
1689 2605 2069 2681 perpetuum

224 2691 323 2762 est,
353 2707 462 2768 per
483 2687 660 2791 quod
690 2708 962 2765 movere,
997 2689 1360 2764 accendere,
1393 2688 1758 2751 illuminare
1779 2687 2073 2750 hominm:

226 2775 346 2838 vult
384 2777 570 2852 dene,
627 2777 759 2841 imo
817 2797 1075 2858 prorsus
1130 2783 1410 2853 mutare,
1466 2783 1542 2839 ut
1596 2777 1712 2855 qui
1764 2777 2073 2839 hactenur

226 2860 461 2928 fuerunt
506 2866 733 2942 securi,
794 2866 1002 2947 primo
1048 2865 1367 2948 incipiant
1410 2871 1695 2927 metuere
1740 2864 1904 2925 iram
1949 2865 2070 2934 (11111

221 2955 292 3012 ct·
340 2953 648 3017 iudicium
663 3005 678 3031 ,
750 2974 825 3017 ac
894 2954 1242 3018 emendent
1307 2954 1528 3017 vitam.
1645 2950 1893 3014 Deinde
1963 2954 2069 3030 qui

226 3037 465 3105 fuerunt
507 3043 730 3124 pavidi
774 3044 857 3106 ob
888 3050 1138 3108 metum
1183 3042 1409 3106 iudicii
1454 3041 1579 3118 dei,
1626 3047 1703 3105 ut
1747 3060 1813 3103 se
1861 3060 2073 3103 conso-

225 3125 414 3192 lentur
456 3132 769 3195 sacrificio
814 3132 932 3194 filii
977 3132 1083 3195 dei
1138 3138 1360 3195 contra
1413 3136 1768 3212 peccatum.
1863 3129 2073 3192 Tertio

226 3221 289 3278 ut
314 3218 500 3282 etiam
530 3220 603 3282 in
633 3220 951 3301 periculis,
1001 3226 1067 3283 et
1096 3221 1166 3283 in
1196 3221 1340 3302 ipsa
1369 3225 1592 3296 morte,
1637 3239 1821 3300 spem
1852 3219 2073 3282 salutis

224 3305 532 3373 retineant.
629 3308 734 3371 Sic
772 3311 1008 3373 Paulus
1054 3308 1229 3386 dicit,
1278 3309 1462 3372 Rom.
1502 3303 1643 3372 10.3
1743 3305 1934 3372 Fides
1981 3322 2069 3370 ast

338 3397 574 3473 auditu,
625 3398 885 3462 auditus
931 3402 1149 3461 autem
1191 3418 1274 3460 ex
1318 3397 1530 3462 verbo.
1611 3397 2031 3462 Constituend
2041 3418 2069 3458 11

386 3621 436 3689 1)
486 3625 735 3692 Spiritus
790 3630 1023 3679 sanctus
1084 3624 1253 3679 datur
1308 3640 1410 3692 per
1463 3625 1718 3680 verbum.
1810 3625 1865 3690 2)
1923 3625 2069 3676 Ien.

322 3689 457 3746 bum
483 3695 578 3749 dei
602 3696 1067 3750 instrumentum.
1095 3712 1209 3763 quo
1245 3697 1636 3760 gubernantur
1659 3711 1694 3750 a
1718 3694 1826 3748 deo
1850 3702 2069 3747 ment(

322 3762 519 3820 ninum.
595 3765 656 3834 3)
695 3768 846 3821 Ien.:
885 3768 1046 3822 Rom.
1088 3766 1171 3821 10.
