2584 4267
203 306 269 370 440
531 305 635 387 Caput
658 305 809 385 quintum

524 483 609 546 Vota
630 483 814 565 pinguium,

202 587 238 651 id
252 591 318 651 est:
342 587 426 652 nihil
440 585 523 652 mihi
537 588 678 671 placebit
692 588 848 670 quicquid
864 588 1054 666 obtuleritis,
1080 609 1152 654 non

202 677 376 760 acceptabo
398 678 632 748 votivavestra
660 678 816 742 sacrificia
844 678 1053 759 quantumvis
1077 679 1150 760 pin-

203 766 288 847 guia,
313 761 429 831 etiam¹
456 765 485 830 si
507 765 609 830 altilia
630 766 823 832 obtuleritis.
927 801 929 806 ·

488 881 685 974 'caminum
706 878 848 972 tuorum.

291 1012 356 1075 Hio
378 1012 535 1092 videmus,
560 1015 660 1079 etiam
683 1015 838 1079 cecinisse
860 1034 924 1092 eos,
948 1015 1006 1078 sed
1029 1015 1154 1078 utalia
1275 1044 1276 1095 3

203 1101 314 1164 omnia
334 1101 438 1183 impia
459 1109 554 1184 putat
575 1109 609 1167 et
630 1104 774 1181 damnat,
798 1105 890 1168 itaet
911 1103 1057 1170 carmina
1078 1104 1153 1168 sive
1275 1112 1276 1175 l

204 1186 358 1255 cantica*
424 1191 545 1272 Magna
580 1183 674 1256 ¹certe
707 1188 844 1256 audacia
875 1192 1053 1275 prophetae
1087 1193 1152 1272 qui
1272 1181 1277 1271 l,

203 1272 331 1342 tamen⁸
359 1281 562 1344 sanctissima
582 1282 620 1345 in
642 1281 783 1363 speciem
806 1300 904 1364 opera
926 1300 1023 1344 ausus
1046 1280 1152 1344 fuerit

203 1364 367 1444 damnare,
391 1368 448 1432 sed
464 1369 542 1450 quia
555 1371 634 1434 talia
648 1370 849 1434 damnabant
866 1369 1043 1452 prophetae
1066 1370 1153 1432 oeci·

203 1453 384 1534 debanturt
416 1461 454 1521 ut
485 1457 581 1540 impii
614 1465 647 1522 et
673 1458 754 1539 legis
776 1458 1052 1542 praevaricatores,
1088 1457 1155 1538 qui

108 1583 110 1587 ,
203 1544 328 1607 cultum
350 1543 404 1607 dei
426 1545 649 1626 prohiberent,
680 1549 765 1611 sicut
792 1553 825 1612 et
853 1567 913 1610 nos
944 1546 1041 1609 hodie
1063 1545 1155 1608 ferre

204 1633 348 1713 cogimur
377 1633 472 1697 nobis
495 1629 620 1700 obiici.⁸
669 1635 733 1699 Sed
761 1635 825 1699 fide
854 1635 926 1701 vult
953 1634 1017 1698 coli
1045 1633 1154 1697 dorni·
1276 1630 1277 1646 ¹

204 1718 318 1801 nusi‘t
369 1717 487 1804 impii⁸
517 1744 583 1787 non
616 1724 747 1807 placent
774 1724 907 1788 domino
938 1723 1156 1804 quantumvis

205 1810 332 1891 magnis
355 1817 388 1875 et
410 1811 589 1894 splendidis
612 1809 810 1895 operibus*
884 1905 890 1912 Ι

338 1952 382 2015 Et
402 1951 595 2030 revelabitur
618 1954 713 2036 quasi
735 1973 821 2035 aqua
842 1954 1010 2018 iudicium.

293 2058 370 2122 Post
402 2060 689 2127 comminationem
721 2062 902 2124 immiscuit
928 2060 983 2123 hie
1009 2076 1155 2140 regnum

206 2145 395 2227 Christi.i·l·t
443 2149 567 2231 Estque
589 2150 746 2227 transitio,
771 2171 802 2231 q.
827 2149 859 2212 d.
884 2148 964 2230 quid
987 2154 1036 2212 est
1057 2147 1155 2229 quod
1278 2201 1280 2214 .

205 2241 310 2300 vestra
332 2237 496 2315 sacrificia,
526 2244 647 2303 vestras
681 2239 859 2303 oblationes
882 2244 915 2301 et
940 2238 1004 2300 ista
1036 2237 1158 2300 omnia
1278 2289 1280 2292 Α

204 2323 340 2400 iactatis,
375 2325 436 2389 erit
469 2325 643 2407 aliquando
678 2334 808 2409 tempus
842 2345 918 2390 eum
940 2324 1008 2389 ¹ista
1037 2325 1157 2387 omnia
1278 2357 1280 2400 t

205 2415 338 2474 externa
359 2413 540 2491 cessabunt,
564 2420 597 2478 et
618 2417 902 2496 revelabit1u††††
929 2413 1155 2496 copiosissime

205 2498 338 2563 iustitia.
383 2501 497 2581 Itaque
531 2503 665 2566 omnino
698 2505 782 2566 mihi
818 2504 909 2584 loqui
945 2502 1073 2566 videtur
1106 2501 1156 2565 de
1220 2529 1230 2550 ·

205 2586 375 2651 revelando
390 2590 554 2670 evangelio
569 2611 627 2674 per
643 2588 872 2656 cunarum&
898 2590 1043 2657 Revelari
1057 2589 1154 2652 enim
1277 2591 1280 2660 2

205 2681 254 2740 est
275 2677 435 2759 pradieari
457 2685 490 2743 ot
511 2677 721 2759 manifestari,
749 2680 786 2743 id
814 2680 903 2762 quod
929 2686 1001 2743 tum
1023 2679 1155 2741 sactum

205 2765 353 2829 nondum
375 2772 453 2831 erat.
498 2768 613 2850 Itaque
635 2770 691 2832 hic
713 2769 829 2833 transit
851 2790 872 2832 a
893 2769 982 2831 cultu
1010 2767 1154 2849 reprobo

205 2853 248 2916 ad
270 2856 394 2918 cultum
416 2876 528 2922 verum
550 2864 584 2922 et
611 2858 670 2939 qui
703 2858 764 2921 deo
797 2859 931 2940 placeat.
978 2856 1030 2920 sio
1057 2855 1154 2918 enim

295 3027 321 3096 ⁸)
342 3027 462 3085 Cantica
479 3031 642 3100 impiorum.
680 3031 722 3096 ⁸⁸)
742 3031 850 3100 Incipit
861 3047 889 3099 p.
902 3027 1036 3085 LXVTH.
1049 3027 1152 3084 MSOi.

206 3097 264 3166 ⁸⁸⁸)
283 3097 326 3153 De
344 3115 431 3168 regno
450 3099 559 3158 Christi
577 3103 739 3159 revelando.
762 3171 771 3194 ·

297 3256 323 3324 1)
350 3257 446 3314 deest:
474 3261 562 3316 etiam
590 3291 623 3301 -
652 3260 823 3317 obtuleritis.
858 3260 888 3328 2)
915 3261 1011 3316 deest:
1038 3263 1152 3315 tamen.

205 3325 234 3394 3)
252 3325 389 3383 Additur:
408 3333 486 3398 quod
504 3349 569 3388 cum
587 3333 717 3400 ipsorum
736 3333 830 3387 cultus
848 3336 879 3387 et
896 3349 985 3400 opera
995 3331 1154 3399 reprehen-

206 3397 303 3452 dimus
321 3404 372 3453 aut
390 3401 569 3473 damnamus,
589 3404 666 3458 bona
678 3419 766 3472 opera
783 3415 837 3458 nos
856 3404 993 3457 damnare
1012 3402 1144 3457 clamant

205 3467 233 3537 4)
253 3468 348 3523 deest:
371 3471 462 3539 impii.
499 3475 629 3542 Legitur:
654 3475 704 3542 qui
722 3478 820 3528 autem
838 3474 902 3528 sine
919 3473 976 3528 tlde
996 3477 1064 3528 sunt
1083 3489 1143 3541 sqq

294 3629 324 3699 t)
342 3629 511 3702 Pr0phetae‚
531 3631 608 3700 quod
620 3633 726 3702 impios
739 3634 834 3687 cultus
846 3633 1032 3701 damnabant,
1050 3630 1138 3686 occisi

206 3699 255 3766 ††)
281 3699 353 3756 Fide
380 3701 482 3756 colitur
509 3703 588 3758 deus.
645 3704 713 3772 ffi)
744 3703 818 3758 Ion:
848 3704 995 3760 Promittit
1024 3718 1147 3769 regnum

207 3767 325 3826 christi.
344 3772 884 3843 Vuitt.:Prophetiaderegnotlhristi.
903 3773 991 3841 ††††)
1003 3773 1142 3830 Revelari
