2584 4267
233 243 295 305 168
556 241 670 325 ‚Caput
692 244 859 324 primum.

228 420 340 495 clamo,
358 418 423 499 vqui
445 418 566 485 scilicet
588 427 620 483 te
642 421 737 483 nobis
759 420 950 501 patefecisti,
973 441 1041 483 non
1065 422 1178 485 solum

227 508 291 569 illis
314 508 681 588 magnificisbeneficiis
704 510 931 591 corporalibus,
956 510 1014 573 sed
1035 511 1177 591 promis·

228 597 317 659 sione
340 596 380 659 de
396 597 518 660 semine
533 598 678 663 mulieris
693 598 868 661 contrituro
882 604 981 680 caput
1001 598 1175 679 serpentis.

227 685 366 762 Deinde,
402 687 460 766 qui
493 686 529 749 in
556 687 618 750 hoc
651 687 722 750 loco
752 687 875 749 iussisti
903 693 935 749 te
960 684 1107 760 invocari
1138 706 1177 750 ac

227 774 383 838 addidisti
400 781 524 838 'certam
546 776 804 856 promissionem,
831 776 979 838 futurum
1001 782 1039 839 ut
1061 776 1120 839 hic
1144 782 1178 837 te

226 863 412 927 invocantes
428 864 591 940 exaudias,
608 864 651 926 ad
666 871 707 940 te,
732 865 848 945 inquit,
865 866 978 938 clamo.
1013 866 1178 929 Invocant

227 958 258 1014 te
282 958 393 1032 gentes
415 973 553 1033 quoque,
578 950 634 1015 sed
650 953 799 1016 nesciunt
813 952 854 1029 te,
879 958 911 1015 et
925 953 1079 1017 invocant
1102 954 1177 1016 sine

227 1041 439 1122 promissione
456 1042 682 1119 exauditionis,
699 1042 878 1108 necessario
893 1043 991 1122 igitur
1006 1042 1175 1118 dubitant,

192 1124 259 1193 *et
292 1130 400 1211 potius
434 1132 663 1213 blasphemant
696 1148 796 1211 quam
829 1131 932 1205 orant.
982 1132 1046 1204 Qui
1081 1130 1178 1206 enim

226 1219 355 1283 dubitat
376 1220 417 1281 de
440 1220 661 1296 exauditione,
694 1220 811 1282 adimit
840 1219 900 1298 deo
923 1220 1060 1299 gloriamv
1080 1220 1176 1283 boni-

226 1309 301 1371 tatis
333 1314 366 1373 et
398 1309 643 1373 misericordiae.
695 1304 956 1384 ¹Meminerimus
984 1308 1083 1388 igitur
1119 1307 1175 1371 ad-

226 1396 343 1460 moniti
370 1399 431 1469 hoc
458 1398 541 1473 loco,
576 1397 613 1460 in
647 1396 738 1461 omni
763 1417 839 1461 vera
870 1397 1074 1461 invocatione
1108 1398 1175 1459 hoc

226 1486 370 1567 primum
398 1505 480 1561 esse,
511 1488 549 1549 ut
578 1503 671 1550 mens
701 1486 864 1550 intueatur
891 1485 991 1549 deum
1019 1505 1057 1549 ac
1084 1486 1176 1549 norit
1257 1514 1258 1538 1

226 1574 425 1643 voluntatem
440 1573 509 1639 eius
525 1594 593 1638 esse
609 1576 717 1652 talem,
741 1575 830 1655 qnod
844 1574 922 1637 velit
936 1574 1030 1638 nobis
1044 1574 1172 1649 adesse,

227 1682 286 1732 nos
309 1663 470 1739 exaudire,
495 1683 553 1726 nos
575 1663 719 1741 liberare,
744 1664 907 1745 siquidem
928 1663 1079 1745 promisit
1092 1664 1172 1726 libc-
1256 1693 1258 1753 ἶ

226 1751 384 1817 rationem
399 1752 440 1815 ab
456 1752 592 1815 aeternis
608 1752 703 1815 malis
718 1772 776 1833 per
789 1754 895 1815 filium
909 1771 1014 1815 suum.
1042 1752 1173 1815 Deinde
1257 1775 1258 1820 3

226 1846 263 1903 ut
291 1841 454 1904 intueatur
467 1911 470 1915 ,
485 1841 585 1905 etiam
614 1841 863 1923 promissionem
890 1840 932 1903 de
961 1840 1171 1903 exauditione
1257 1853 1258 1916 ζ

189 1974 192 1981 -
226 1930 427 2011 peculiariter
460 1930 656 2011 loquentem.
712 1931 764 1995 Ita
800 1930 889 1993 enim
926 1929 1173 1993 confirmabitur
1257 1933 1258 1938 ’

225 2019 371 2095 animus,
401 2025 439 2082 ut
466 2039 541 2083 cum
570 2024 670 2092 certa<
683 2017 801 2082 fiducia
827 2023 897 2081 oret
926 2024 960 2081 et
981 2018 1172 2081 excludetur
1257 2038 1258 2071 ἲ

225 2108 395 2177 dubitatio.
443 2108 513 2171 Etsi
540 2108 631 2177 ,enim
659 2107 695 2170 in
722 2107 939 2189 corporalibus
965 2106 1075 2183 malis,
1108 2120 1171 2171 nos

226 2197 413 2259 submittere
453 2196 612 2260 voluntati
645 2196 699 2259 dei
738 2216 880 2278 aequum
920 2200 985 2273 est,
1026 2215 1087 2266 nec
1121 2196 1171 2260 sic
1257 2225 1258 2247 i

225 2285 369 2365 urgenda
397 2290 445 2347 est
475 2284 655 2360 exauditio,
686 2285 764 2365 quia
793 2286 822 2349 si
850 2284 912 2349 deo
940 2284 987 2348 ita
1008 2284 1169 2363 videatur,

225 2374 368 2435 volentes
384 2372 520 2453 parituri
534 2373 636 2437 simus
652 2372 723 2437 eius
738 2374 896 2438 voluntati
911 2394 949 2438 ac
963 2374 1171 2443 humiliaturi
1257 2438 1258 2441 ,

225 2481 284 2524 nos
308 2462 369 2524 sub
392 2461 461 2523 eius
490 2467 657 2543 potentem
683 2459 833 2540 manum,
863 2468 974 2527 tamen
1001 2484 1077 2526 cum
1105 2466 1170 2528 hac
1257 2453 1258 2485 ³

138 2602 142 2609 .
225 2549 409 2613 obedientia
442 2549 522 2615 fides
537 2590 539 2593 -
556 2557 640 2614 recte
674 2546 909 2632 coniungitn.²
970 2552 1082 2615 Certus
1117 2560 1171 2617 est

225 2638 314 2701 enim
337 2638 466 2701 animus
490 2638 529 2702 de
551 2645 683 2715 aeterna
704 2640 892 2704 liberatione
915 2661 973 2723 per
990 2640 1168 2704 filiumdei

224 2728 320 2805 facta,
343 2748 388 2791 ao
401 2728 514 2791 statuit
528 2728 752 2795 inlevioribus
767 2749 896 2810 quoque
910 2729 1167 2794 misericordiam

224 2817 278 2881 dei
300 2818 395 2883 nobis
419 2839 485 2882 non
507 2818 707 2895 defuturam,
738 2820 767 2881 si
783 2819 835 2881 'sic
858 2823 890 2881 et
912 2818 1014 2898 gloria
1036 2820 1106 2882 eius
1133 2825 1168 2882 et

224 2913 333 2971 nostra
356 2910 441 2971 salus
464 2909 613 2989 postulet.

230 3039 234 3045 ·
313 2997 376 3060 Sed
406 2996 486 3077 quid
515 3003 563 3060 est
592 2996 681 3077 quod
707 2996 882 3077 prophetae
911 3016 979 3059 non
1008 2994 1086 3059 satis
1115 3002 1166 3059 est

224 3084 359 3161 dixisse,
384 3085 426 3147 ad
449 3090 481 3146 te
504 3086 621 3162 clamo,
647 3084 704 3147 sed
727 3084 818 3147 addit
840 3084 939 3146 etiam
962 3084 1003 3147 de
1025 3084 1165 3148 bestiis?

223 3173 342 3235 Peeora
364 3172 480 3253 campi,
497 3172 614 3254 inquit,
631 3173 673 3235 ad
689 3179 721 3235 te
737 3173 887 3235 clamant.
927 3166 1033 3235 ³Num
1047 3192 1164 3237 sensus
1257 3216 1258 3221 κ

224 3260 351 3341 aliquis,
376 3266 433 3324 aut
456 3262 595 3341 cognitio
618 3262 727 3339 aliqua
750 3261 803 3324 dei
825 3262 861 3324 in
875 3262 987 3324 bestiis
1004 3263 1076 3324 est?
1110 3263 1165 3326 Ad

223 3350 311 3412 hunc
333 3349 469 3412 modum
491 3350 635 3431 psalmus
658 3349 754 3412 dicit:
790 3350 964 3414 Corvorum
986 3351 1092 3431 pullos
1116 3351 1163 3415 in·

224 3457 336 3502 vocare
360 3437 542 3514 dominum,
569 3457 643 3501 cum
666 3444 776 3501 tamen
798 3441 893 3501 bruta
916 3443 948 3501 et
969 3439 1041 3501 sine
1064 3460 1162 3503 sensu

161 3630 165 3637 ⁸
231 3630 232 3633 Ἴ
313 3647 340 3715 1)
361 3647 509 3713 Quomodo
522 3647 670 3703 orandum.
701 3646 729 3715 2)
744 3646 892 3713 Quomodo
903 3648 1045 3703 orandum
1062 3655 1164 3705 contra

222 3720 298 3773 mala
317 3719 480 3788 corporalia.
517 3718 545 3788 3)
566 3720 715 3809 Quomodo
732 3719 842 3773 bestiae
860 3719 948 3774 deum
965 3719 1109 3775 invocent.
