2584 4267
384 253 398 278 ο
452 293 552 356 Joelis
574 294 759 376 prophetae.
1012 291 1074 355 227

129 492 189 535 me
212 477 263 534 eet
285 476 319 534 et
340 489 399 550 ego
421 469 458 532 in
479 476 579 551 petre.
616 469 699 532 Item
725 462 914 533 1.Ιο1].2.1
953 469 1075 546 Omnis,

130 561 196 641 qui
216 565 316 640 negat
337 558 451 634 filium,
476 564 601 639 patrem
623 579 690 620 non
712 558 820 621 habet.

226 648 313 722 Quia
333 645 433 726 igitur
454 646 539 710 filius
563 646 616 710 dei
637 645 746 711 induit
772 665 901 710 earnem
924 652 1076 723 nostram,

135 745 169 801 et
190 736 352 800 habitavit
377 736 414 798 in
443 734 550 798 medio
572 735 687 811 Israel,
718 742 801 798 reete
831 735 991 816 sequitu:
1022 736 1077 798 Po-

134 825 235 908 pulus
264 843 357 887 meus
386 843 452 888 non
475 823 692 887 confundetur
721 824 756 886 in
779 831 955 887 aeternum.
1001 823 1078 887 Ideo

134 915 226 976 enim
248 914 357 993 venit,
384 919 422 976 ut
443 911 630 976 dissolveret
652 931 749 994 opera
771 912 906 989 diaboli,
937 919 975 976 ut
1002 912 1077 975 libe-

135 1003 202 1066 rati
222 1023 243 1065 a
264 1001 344 1082 lege,
368 1008 509 1082 peceato,
533 1007 635 1065 morte
658 1008 691 1064 et
714 1001 856 1064 Sathena
877 1019 1021 1064 essemus
1044 1001 1079 1064 in

134 1090 240 1172 gloria
276 1097 405 1154 aeterne
441 1110 500 1172 per
536 1089 638 1170 ipsius
676 1090 828 1152 meritum
866 1095 899 1152 et
932 1089 1077 1169 gratiam.

140 1175 272 1242 ’Habes
300 1179 399 1259 igitur
427 1177 509 1241 duas
535 1197 688 1259 personas
720 1177 912 1254 divinitatis,
943 1184 1077 1258 patrem,

133 1268 199 1348 qui
229 1268 428 1349 promittitur
461 1267 618 1329 missurus
653 1265 816 1329 doctorem
853 1265 1008 1342 iustitiae,
1047 1271 1080 1329 et

133 1357 257 1432 filium,
292 1357 350 1436 qui
383 1356 541 1419 iustitiam
574 1354 681 1431 docet,
720 1355 870 1417 habitans
902 1355 939 1417 in
971 1351 1079 1418 medio

134 1446 247 1520 Israel,
270 1446 333 1508 hoo
347 1451 411 1507 est:
436 1445 540 1507 faetus
554 1444 663 1506 homo.
698 1443 792 1506 Nune
813 1442 958 1524 sequitur
980 1443 1079 1506 etiam

134 1534 179 1596 de
202 1532 318 1614 spiritu
341 1538 452 1596 saneto
480 1531 773 1596 luculentissimum
802 1532 1024 1595 testimonium
1047 1538 1080 1594 et

134 1621 179 1684 de
203 1621 309 1685 officio
332 1621 411 1697 eius,
436 1620 524 1701 quod
546 1620 582 1684 in
604 1639 688 1685 novo
710 1627 902 1684 testamento
918 1641 938 1682 a
953 1620 1078 1684 Christo

137 1710 261 1774 miseras
284 1708 530 1774 administrabit.

252 1851 298 1914 iit
320 1850 394 1913 erit
416 1851 622 1931 posthaec:
653 1847 870 1912 Effundam
899 1850 1080 1931 spiritum

182 1960 309 2003 meum
332 1957 452 2019 super
474 1958 628 2001 omnem
658 1957 818 2001 earnem
846 1945 883 2002 et
910 1937 1078 2020 prophe·

183 2029 334 2092 tabunt
368 2025 456 2088 filii
482 2027 604 2091 vestri
638 2033 678 2090 et
707 2026 818 2088 filiae
853 2034 1013 2090 vestrae
1043 2032 1081 2089 et

183 2136 300 2181 senes
355 2115 482 2178 vestri
527 2117 689 2178 somnia
739 2115 999 2178 somniabunt
1044 2121 1081 2178 et

183 2208 354 2269 iuvenes
377 2205 501 2267 vestri
523 2205 696 2267 visiones
711 2203 912 2268 videbunt.
948 2204 1080 2266 Etiam

183 2314 303 2375 super
325 2312 456 2356 servos
480 2297 518 2354 et
540 2312 660 2373 super
684 2293 861 2356 ancillae
883 2294 925 2355 in
940 2292 1081 2356 diebus

184 2384 274 2446 illis
298 2381 512 2445 effundam
535 2381 722 2463 spiritum
744 2402 881 2445 meum.

228 2505 425 2570 Audivimus
470 2506 661 2569 vaticinium
707 2505 747 2568 de
785 2505 915 2570 Christo
953 2505 1081 2569 doctore

139 2596 300 2671 iustitiae,
336 2595 394 2674 qui
427 2592 678 2656 foeeundaturus
707 2594 750 2657 eit
778 2599 896 2658 terram
926 2600 1083 2675 tanquam

140 2685 267 2766 pluvia,
298 2690 338 2746 ut
365 2684 524 2764 germinet
551 2683 587 2745 in
610 2683 704 2763 eopia
726 2682 893 2746 iustitiam.
940 2682 1083 2745 Pertinet

67 2800 70 2811 ·
140 2778 253 2836 autem
275 2771 415 2837 doctoris
439 2770 613 2852 appellatio
642 2771 684 2833 ad
713 2771 866 2834 officium.
913 2770 973 2832 Est
994 2771 1083 2832 enim

140 2860 305 2936 eaoerdos,
339 2861 397 2940 qui
424 2880 492 2922 non
519 2865 648 2922 tantum
678 2859 771 2921 dooet
793 2859 952 2921 iustitiam
975 2858 1081 2933 verbo,

142 2949 203 3013 sed
224 2951 386 3032 seipsum
407 2949 501 3011 offert
523 2949 690 3012 victimam
713 2967 771 3028 pro
794 2946 934 3028 pateatis
956 2945 1081 3010 mundi.

143 3038 216 3101 arei
239 3043 350 3101 autem
372 3036 553 3100 doctrinam
575 3037 718 3100 iustitiae
741 3037 840 3099 etiam
858 3034 995 3117 apostoli
1010 3033 1082 3098 effe·

142 3133 234 3202 runt,
263 3132 375 3188 tamen
405 3147 425 3188 a
454 3125 580 3190 Christe
608 3143 681 3188 eam
711 3125 884 3206 aeeipiunt.
939 3123 1083 3187 Christus

143 3215 234 3278 enim
257 3215 344 3277 solue
367 3220 429 3289 est,
458 3216 516 3295 qui
545 3235 603 3296 pro
626 3215 766 3295 peccetis
788 3213 904 3277 mundi
927 3213 1085 3276 saerifioat

143 3302 245 3384 idque
267 3323 326 3366 suo
348 3322 489 3385 corpore.
535 3304 629 3366 Nune
652 3302 822 3366 subiicitur
843 3301 1016 3384 prophetia
1043 3301 1084 3364 de

187 3392 263 3455 'ritu
299 3398 420 3455 saneto.
480 3385 668 3455 “Habemus
705 3397 814 3455 autem
851 3390 915 3454 fide
948 3391 1085 3472 dignum

192 3486 272 3555 tem,
295 3481 426 3544 Petrum
449 3481 640 3562 apostolum,
665 3481 722 3560 qui
746 3480 826 3544 dicit
846 3480 932 3545 hane
950 3479 1083 3562 prophe·

193 3619 361 3631 ——1-——-

241 3688 267 3754 1)
279 3688 353 3744 len:
373 3681 403 3743 15
412 3689 490 3744 Ioha.
504 3689 529 3743 2.
548 3689 577 3756 2)
591 3691 721 3746 Ecclesia
734 3691 901 3747 servabitur.
920 3689 949 3756 3)
963 3685 1085 3752 Quando

190 3759 270 3826 pieta
287 3760 355 3815 haee
372 3760 526 3829 prophetia
544 3761 590 3815 sit.

875 3847 924 3902 15·
