2584 4267
412 216 542 280 504
1104 215 1582 295 Prolegomena.

501 392 845 471 studiosos,
893 401 969 459 ut
1012 399 1150 458 tam
1195 391 1528 473 allegorias
1574 410 1772 472 quam
1814 390 2113 454 Iudaicas
2160 394 2296 474 upi-

499 500 728 564 niones
773 504 1104 582 suspectas
1148 497 1436 562 habeant
1478 503 1545 561 et
1583 498 1654 560 in
1680 496 1884 574 litera,
1931 502 2010 559 ut
2037 506 2300 574 vocant,

499 605 841 687 diligenter
897 604 1329 688 expendenda
1382 603 1515 668 sint
1568 603 2023 685 diligentiores.
2096 605 2296 666 <Nam

499 732 634 776 non
686 713 1011 776 immerito
1062 711 1258 775 hodie
1302 710 1690 793 reprehendi
1745 715 1960 792 potest
2015 729 2296 790 quorun-

501 817 655 881 dam
701 818 1035 882 doctorum
1079 818 1426 881 hominum
1470 817 1762 881 studium
1778 865 1794 893 ,
1854 817 1969 896 qui
2024 835 2176 879 cum
2223 818 2296 878 in

499 923 890 988 Iudaeorum
955 924 1139 988 libris
1208 923 1466 988 assidue
1532 929 1864 989 versentur
1880 972 1895 998 ‚
1976 922 2300 986 iudicium

500 1048 635 1092 non
679 1030 1018 1094 adhibent:
1096 1030 1212 1094 sed
1270 1036 1347 1094 ut
1406 1029 1693 1111 quidque
1751 1049 1992 1093 novum
2038 1034 2105 1091 et
2148 1030 2304 1090 aliis<

501 1136 908 1216 incognitum
968 1137 1314 1202 inveniunt
1330 1186 1345 1214 ,
1412 1135 1486 1199 id
1552 1137 1773 1200 statim
1841 1134 2160 1215 arripiunt
2232 1142 2300 1198 st

502 1261 693 1324 saepe
738 1244 1024 1325 insignes
1069 1243 1533 1326 prophetarum
1576 1242 1748 1305 locos
1793 1241 1873 1304 de
1921 1240 2172 1303 Christo
2232 1246 2300 1302 st

503 1348 772 1412 ecclesia
828 1349 1198 1431 turpissime
1259 1355 1700 1430 corrumpunt.
1799 1348 2002 1428 Atqui
2061 1346 2296 1410 talium

504 1453 959 1518 vaticiniorum
1002 1455 1445 1536 interpretatio
1491 1475 1625 1519 non
1668 1475 1709 1518 a
1735 1453 1993 1518 Iudaeis
2038 1462 2300 1516 nostras

502 1560 828 1640 religionis
881 1560 1341 1625 infensissimis
1399 1562 1696 1626 hostibus
1713 1611 1729 1639 ,
1798 1560 1913 1626 sed
1981 1580 2064 1622 ex
2124 1581 2300 1622 novo

505 1667 915 1730 Testamento
930 1717 945 1743 ,
1017 1674 1085 1731 et
1148 1669 1606 1751 Apostolorum
1675 1666 2094 1732 concionibus
2160 1666 2300 1746 peti

499 1771 794 1837 debebat.
912 1773 1086 1848 Quid
1151 1775 1330 1836 enim
1403 1776 1547 1839 sani
1621 1775 1705 1838 ab
1775 1775 1918 1839 istis
1973 1778 2296 1854 expectes*

502 1879 617 1959 qui
663 1880 992 1944 Canonem
1039 1881 1393 1962 scripturae
1440 1866 1769 1945 Christum
1813 1881 2099 1961 negant?
2144 1882 2300 1942 Huu

503 1985 768 2063 accedit,
815 1985 991 2068 quod
1036 1987 1214 2050 nulla
1258 1989 1456 2051 etiam
1501 1988 1778 2051 eruditio
1792 2038 1806 2064 ,
1854 1987 1957 2052 vel
2001 1986 2300 2050 doctrina

500 2091 782 2156 liberalis
840 2094 911 2156 in
953 2092 1212 2157 Iudaeis
1259 2095 1364 2158 sit.
1454 2093 1609 2157 Ideo
1644 2100 1738 2169 ‘et
1790 2093 2160 2174 turpissime
2224 2094 2300 2154 in

503 2199 962 2281 supputatione
1009 2205 1379 2282 temporum
1423 2207 1638 2266 errant
1657 2250 1672 2278 ,
1720 2207 1802 2271 ,et
1858 2201 2103 2263 alienas
2160 2202 2296 2282 opi*

503 2305 730 2367 niones
762 2324 953 2387 saepe
976 2305 1061 2367 ad
1097 2311 1353 2369 textum
1375 2306 1696 2382 adferunt,
1730 2325 1895 2386 quae
1919 2306 2296 2386 longissime

508 2429 547 2471 a
623 2410 1158 2490 praecedentibus
1237 2418 1304 2475 et
1370 2395 1791 2493 sequentibus
1871 2412 2284 2476 dissentiunt.

503 2516 720 2597 Longe
778 2516 976 2596 igitur
1031 2517 1258 2580 utilius
1305 2525 1405 2583 est
1448 2519 1622 2601 ipsos
1668 2520 2015 2602 prophetas
2032 2569 2046 2595 ,
2105 2519 2300 2598 lunge

503 2623 755 2686 reiectis
815 2623 944 2686 illis
1012 2623 1283 2687 somniis
1298 2675 1313 2701 ,
1378 2644 1754 2707 cognoscere
1773 2676 1787 2703 ,
1847 2631 1913 2689 et
1955 2624 2304 2705 diligenter

503 2729 797 2793 insistere
841 2730 1145 2794 historiae
1161 2779 1176 2807 ,
1234 2750 1401 2811 quae
1459 2731 1542 2794 ad
1600 2732 1964 2815 praesentia
2007 2738 2184 2814 temp
2192 2750 2304 2794 ura

503 2836 746 2900 utiliter
792 2842 857 2899 et
899 2842 1067 2900 recte
1112 2839 1444 2902 transferri
1489 2843 1719 2920 potest.
1813 2837 2060 2901 Eadem
2120 2838 2304 2898 enim

504 2961 759 3024 semper
835 2948 988 3006 sunt
1059 2944 1347 3024 pericula
1420 2945 1677 3027 piorum
1696 2993 1711 3021 ,
1793 2943 1969 3006 idem
2044 2962 2308 3022 semper

505 3047 716 3111 exitus
740 3049 1210 3126 sceleratorum,
1236 3048 1503 3114 eaedem
1525 3050 1804 3127 fraudes,
1829 3050 2066 3131 quibus
2098 3049 2304 3111 Satan

503 3153 646 3234 pios
692 3173 733 3216 a
777 3155 972 3218 verbo
1030 3155 1348 3219 abducere
1407 3162 1705 3220 conatur:
1765 3154 1993 3218 eadem
2038 3154 2308 3218 divinas

503 3260 975 3324 misericordiae
1020 3281 1171 3343 erga
1213 3282 1333 3326 nos
1379 3263 1767 3327 inexhausta
1805 3261 2082 3337 bonitas,
2123 3276 2308 3342 ‘quas

504 3371 571 3428 et
627 3368 815 3448 erigit
874 3368 1019 3450 pios
1035 3417 1050 3446 ,
1115 3374 1183 3432 et
1238 3368 1594 3451 desperatis
1652 3368 1845 3432 rebus
1900 3387 2095 3450 opem
2152 3370 2284 3430 fert

504 3473 685 3537 Haec
768 3474 986 3538 videre
1061 3475 1133 3538 in
1198 3474 1536 3558 prophetis
1616 3481 1683 3538 et
1748 3494 1969 3539 eorum
2037 3474 2292 3554 propris

505 3580 930 3662 explicatione
948 3630 962 3657 ,
1033 3579 1233 3643 fidem
1306 3587 1372 3645 et
1428 3581 1728 3646 timorem
1783 3580 1890 3644 dei
1948 3579 2176 3643 docel-s
2236 3586 2296 3638 ef

505 3687 690 3764 alere,
737 3707 871 3750 una
916 3692 982 3750 et
1010 3707 1160 3751 vera
1187 3689 1351 3751 ratio
1383 3688 1753 3753 tractandae
1785 3706 1998 3752 sacrae
2030 3686 2276 3766 scriptu
