2584 4267
729 938 1513 1026 PRDLEGOMENA.

208 1160 464 1264 0888111
529 1208 593 1260 st
649 1200 933 1264 Iohelem
988 1201 1309 1265 Lutherus
1369 1200 1559 1263 sicuti
1617 1199 1901 1263 vidimus
1954 1218 2055 1262 ex-

76 1308 80 1334 1
204 1288 468 1368 1118118111
517 1288 669 1352 inde
717 1308 753 1352 a
801 1292 963 1352 festo
992 1289 1273 1353 Paschae
1318 1308 1525 1369 usque
1571 1288 1654 1351 ad
1698 1289 2056 1371 profestum

76 1439 80 1465 η
204 1376 513 1440 Laurentii
557 1380 877 1460 martyris,
929 1377 994 1441 id
1041 1384 1140 1442 est
1167 1378 1286 1442 IX.
1335 1377 1509 1441 diem
1553 1377 1797 1441 mensis
1842 1379 2055 1458 Augu-

204 1464 272 1528 811
344 1468 681 1528 MDXXV.
789 1468 954 1532 Sans
1029 1467 1294 1548 quidem
1369 1467 1441 1529 in
1514 1467 1731 1530 animo
1806 1466 2055 1542 habuit,

204 1552 272 1616 ad
320 1576 527 1616 imum
597 1576 817 1620 omnes
885 1557 1232 1640 prophetas
1292 1557 1572 1619 minores
1640 1576 1771 1618 uno
1840 1561 2059 1618 tenore

204 1644 384 1704 anum
428 1652 581 1724 pust
625 1644 821 1708 81111111
873 1645 1189 1727 explicare
1206 1696 1220 1722 ,
1279 1645 1395 1708 sed
1453 1664 1667 1707 rerum
1729 1649 1933 1706 status
1991 1649 2057 1705 et

76 1795 80 1817 ⁶
200 1732 589 1812 publicai-um
645 1740 709 1796 et
761 1735 1331 1797 ecclesiasticarum
1377 1738 1708 1813 tantopere
1753 1750 2056 1811 conquas-

204 1828 360 1884 881-118
404 1844 480 1884 ac
525 1824 933 1904 perturbatus
964 1823 1282 1905 apparuit,
1330 1828 1406 1886 ut
1434 1822 1647 1884 iussus
1678 1821 1760 1883 ab
1792 1820 2058 1882 electore

204 1908 504 1972 Fridericn
561 1932 693 1972 111111
753 1918 995 1992 posset,
1059 1913 1220 1991 quin
1273 1912 1414 1991 ipse
1474 1929 1590 1972 sua
1634 1908 1895 1972 nonnisi
1938 1908 2055 1972 vir·

200 2004 320 2060 tute
392 2000 617 2076 nixus,
697 2000 873 2064 verbi
941 2000 1148 2064 divini
1217 2000 1412 2062 armis
1481 1999 1563 2060 ad
1632 1998 1928 2061 dextram
1994 2003 2060 2060 et

200 2088 508 2152 sinistram
541 2088 889 2152 instructus
921 2088 1200 2169 fideique
1230 2087 1444 2168 gladio
1467 2093 1870 2168 pugnaturus
1893 2087 2060 2147 inter

200 2176 356 2256 ipsus
400 2177 689 2240 hostium
721 2198 973 2241 acervos
1005 2199 1072 2241 se
1103 2179 1264 2240 aciei
1293 2176 1656 2239 moderator
1685 2175 2060 2239 immitteret

68 2292 72 2347 ὲ
200 2272 256 2328 81-
296 2268 753 2332 881111811818188
797 2268 997 2332 victor
1041 2271 1452 2347 componeret
1496 2285 1569 2327 ac
1615 2264 1957 2328 dirimeret.

360 2356 729 2420 Muntzerus
745 2408 761 2432 ,
825 2376 1018 2436 quem
1065 2355 1223 2418 alias
1268 2355 1575 2418 Satanam
1620 2353 2058 2417 Alstedtinum

200 2443 340 2508 81188
384 2444 917 2508 Archidiahclum
960 2449 1166 2520 vocat,
1215 2443 1639 2524 Thuringiam
1685 2444 2056 2523 vicinasque

68 2555 71 2563 ·
200 2540 380 2596 181188
428 2532 765 2596 88111811818
813 2556 885 2596 ac
933 2534 1248 2596 concitare
1291 2532 1563 2613 incepit,
1627 2531 2057 2594 Carolstadius

200 2620 673 2704 Vuittemberga
753 2624 837 2684 ad
905 2621 1421 2685 Orlamundanos
1500 2619 1707 2683 redux
1781 2639 2056 2682 errorem

200 2728 372 2772 81111111
420 2712 869 2776 detestabilem
913 2712 1126 2774 denuo
1171 2710 1431 2790 recepit.

360 2800 480 2860 Die
513 2800 689 2864 m.
741 2796 1247 2884 [Seckendorfius
1292 2798 1561 2861 denotat
1588 2791 1759 2881 XV.]
1814 2795 2058 2858 mensis

199 2884 460 2968 Augusti
529 2888 846 2952 Lutherus
917 2895 1212 2952 senatum
1280 2894 1346 2951 et
1413 2885 1584 2950 cives
1650 2884 2055 2946 Mulhusinos

196 2976 348 3040 88118
392 2976 673 3056 monuit,
733 2984 809 3040 ut
853 2996 889 3040 8
921 2977 1250 3040 Muntzero
1298 2975 1424 3038 sibi
1452 2979 1768 3039 caverent.
1859 2971 2060 3035 Iussit

196 3080 336 3128 811111
380 3068 621 3148 18118111,
669 3064 897 3128 caedes
941 3066 1117 3128 enim
1161 3071 1229 3129 et
1256 3063 1604 3128 seditiones
1633 3062 1819 3125 illum
1848 3060 2060 3124 moliri

196 3160 429 3217 certum
488 3176 644 3218 esse.
736 3156 934 3238 Paulo
993 3159 1141 3236 post
1157 3204 1171 3230 ‚
1242 3152 1349 3215 die
1409 3152 1589 3214 XXI.
1637 3150 1915 3231 Augusti
1976 3148 2059 3213 ad

197 3238 584 3307 Fridericum
653 3244 991 3307 electorem
1057 3248 1124 3306 et
1187 3242 1500 3304 Ioannem
1569 3240 1706 3303 eius
1774 3240 2057 3315 fratrem,

197 3326 500 3395 Saxoniae
566 3333 890 3414 principes
958 3331 1210 3412 prolixa
1285 3329 1557 3410 epistola
1630 3328 1806 3391 idem
1881 3347 2058 3408 argu·

303 3424 479 3484 ntum
527 3421 849 3486 tractavit.
952 3420 1223 3483 Interim
1280 3419 1421 3500 ipse
1477 3418 1599 3481 iter
1657 3417 1811 3481 fecit
1866 3417 2058 3479 Vina-

303 3528 385 3587 n,
453 3509 678 3572 Ienam
734 3545 819 3555 -—
878 3508 993 3572 ubi
1061 3506 1533 3572 Carolstadium
1592 3505 1697 3569 die
1754 3505 1934 3569 XXI.
1997 3513 2063 3569 et

303 3596 398 3662 ΞΠ.
480 3599 761 3679 Augusti
806 3598 1110 3662 concione
1155 3595 1381 3660 habita
1425 3596 1509 3658 ad
1556 3600 1876 3658 certamen
1921 3613 2056 3675 pro-

303 3686 439 3751 avit
481 3721 565 3733 -
613 3687 897 3750 Kahlam
951 3694 1016 3750 et
1061 3683 1558 3761 Orlamundam‚
1621 3689 1907 3746 attamen
1966 3683 2062 3743 nil

328 3776 544 3854 valuit,
590 3777 689 3840 nil
732 3776 1021 3859 profecit.
1099 3772 1569 3837 Orlamundani
1598 3770 1755 3834 diris
1799 3769 2063 3835 vocibus

1641 3872 1744 3926 24·
