2584 4267
918 285 1116 348 Amos
1161 285 1533 367 prophetae.
2036 287 2163 352 459

284 466 372 526 Et
419 486 569 526 cum
617 462 852 526 seirent
908 461 1096 544 impii
1155 483 1197 525 a
1252 462 1375 527 deo
1420 461 1796 527 institutum
1840 468 1907 526 et
1950 483 2167 544 regem

284 561 352 614 st
400 574 461 614 re
469 574 689 634 gnum,
753 570 884 614 non
943 550 1297 615 audiebant
1339 553 1674 635 prophetis
1732 558 1798 616 et
1841 573 2057 634 regem
2102 559 2167 616 et

284 662 561 722 regnum
605 638 1085 703 damnantibus.
1178 639 1412 720 Sicque
1472 642 2161 722 argumentabantuff:

280 730 352 794 31
400 750 517 794 rex
561 730 870 794 divinitus
915 732 1014 792 est
1056 728 1423 806 institutus,
1473 749 1622 810 ergo
1668 729 1828 794 deus
1873 737 1971 794 est
2014 750 2167 795 cum

280 842 449 902 rege,
501 822 840 882 eor-:firmat
881 837 1172 898 regnum,
1243 839 1376 882 non
1445 824 1614 891 errat
1676 818 1899 900 igitur3
1973 815 2156 900 ergo¹

284 930 437 970 1111111
525 910 649 970 ista
737 910 1123 971 damnarent
1205 909 1558 989 prophetae
1578 958 1591 985 ,
1686 908 2161 986 occidebantur,

280 998 613 1078 arguebat]
621 1004 721 1062 tur
766 995 1142 1061 excitandae
1188 996 1559 1071 seditionis3
1620 997 1790 1062 sicut
1840 998 1948 1061 hic
2006 997 2167 1062 dicit

280 1086 613 1150 Ama-sias:
697 1106 829 1150 111111
903 1085 1142 1168 poterit
1207 1090 1377 1148 terra
1443 1086 1757 1151 sustinere
1832 1086 2163 1150 universos

280 1194 613 1238 semones
657 1178 793 1238 hos.
887 1175 993 1238 Sic
1039 1173 1331 1238 Christus
1378 1173 1602 1251 audiit,
1664 1175 2012 1239 commovit
2054 1196 2161 1257 po-

280 1266 517 1346 pulum
561 1266 797 1326 docens
842 1285 959 1347 per
1012 1262 1381 1327 universam
1426 1263 1735 1327 Iudaeam
1781 1269 1899 1327 etc.
1993 1259 2155 1327 Sed²

280 1354 441 1414 haec
489 1362 589 1418 est
633 1354 839 1415 forma
884 1351 1061 1418 verbi
1107 1350 1241 1429 dei,
1305 1353 1467 1415 haec
1525 1352 1721 1416 facies
1768 1358 1867 1417 est
1910 1372 2160 1435 praeco-

280 1462 445 1506 num
493 1442 689 1506 verbi.

860 1602 940 1664 In
985 1602 1197 1682 gladio
1242 1601 1568 1667 morietur.

461 1710 589 1770 Hie
633 1710 834 1790 impie
880 1709 1313 1772 calumniatur
1355 1708 1552 1772 verba
1604 1709 1955 1790 prophetae
1969 1757 1983 1784 ,
2041 1702 2152 1771 ut³

280 1802 308 1862 f
308 1798 477 1862 aciat
521 1818 673 1862 eum
717 1797 923 1878 magis
969 1797 1284 1874 odiosum,
1333 1795 1646 1860 mentitur
1674 1797 1851 1858 enim
1874 1803 1939 1859 et
1967 1797 2163 1860 verba

276 1890 633 1970 prophetae
705 1886 958 1950 sinistre
1025 1886 1160 1966 regi
1212 1884 1625 1968 proponitssl·
1715 1885 2160 1949 Comminatus

276 1985 416 2038 erat
461 1978 777 2058 propheta
825 1974 1156 2038 interitum
1200 1974 1427 2040 domui
1470 1974 1865 2038 Hieroboam
1908 1974 2033 2038 hoc
2062 1980 2161 2038 est

276 2066 449 2142 filiis,
485 2066 589 2126 hic
621 2086 769 2130 verr]
801 2064 883 2126 ad
905 2064 1303 2127 Hieroboam
1326 2063 1735 2146 prophetiam
1758 2062 2015 2126 sinistre
2039 2068 2157 2127 tor·

276 2162 453 2234 quet...
505 2154 689 2214 Idem
725 2174 835 2234 per
865 2153 1086 2216 omnia
1117 2153 1312 2217 hodie
1352 2153 1539 2216 nobis
1572 2172 1830 2234 quoque
1875 2151 2159 2215 accidere

276 2242 593 2306 videmus.
673 2236 900 2304 Hanc*
940 2242 1345 2323 impietatem
1389 2241 1704 2304 damnant
1749 2260 1974 2304 omnes
2020 2260 2157 2322 pro-

276 2334 533 2410 phetae.
597 2334 673 2414 ΙΙ]
681 2330 733 2394 si
769 2330 1168 2414 impietatem
1193 2330 1421 2413 populi
1443 2329 1858 2394 damnabant.
1906 2328 2159 2411 Impius

276 2422 561 2502 populus
593 2442 657 2482 se
693 2422 781 2482 eis
813 2419 1182 2501 opponebat
1211 2439 1365 2484 suae
1388 2419 1709 2502 impietati
1732 2419 2158 2501 patrocinatu-

272 2530 408 2586 ru3‚
437 2510 609 2590 quod
641 2503 890 2571 essent⁵
922 2508 1029 2571 dei
1051 2510 1351 2591 populus,
1383 2502 1731 2572 haberent⁶
1762 2508 2033 2572 verbum
2056 2508 2162 2571 dei

280 2606 404 2658 eta:
469 2598 593 2662 Sed
629 2598 978 2678 prophetae
1021 2598 1142 2661 has
1172 2599 1633 2679 promissiones
1680 2597 1982 2659 dicebant
2027 2617 2161 2659 non

276 2686 368 2746 ad
396 2686 653 2766 impias:
701 2686 813 2750 sed
859 2686 942 2749 ad
972 2686 1114 2769 pios
1144 2689 1422 2762 tantum,
1471 2704 1745 2766 quorum
1784 2684 2161 2764 paucissimi

461 2862 517 2926 1]
573 2862 761 2914 deest:
821 2875 950 2928 ergo
1006 2890 1067 2900 -
1129 2859 1448 2916 seditionis.
1555 2858 1814 2924 Legitur:
1870 2873 2004 2924 ergo
2059 2858 2161 2925 qui

276 2934 485 2986 contra
521 2950 709 2998 regem
745 2932 1023 3001 loquitur,
1071 2932 1172 2999 qui
1207 2932 1357 2985 male
1394 2930 1665 2997 minatur,
1704 2927 2015 2983 seditiosus
2052 2931 2158 2983 est.

276 3002 376 3054 Sic
392 3006 709 3070 prophetae
729 3002 1146 3071 occidebantur,
1163 3002 1549 3068 arguebantur
1562 3000 1880 3055 seditionis.
1900 2999 1955 3068 2)
1972 2998 2158 3053 deest:

272 3074 396 3126 Sed
433 3102 497 3110 --
537 3090 884 3142 praeconum
921 3074 1031 3127 dei.
1105 3073 1370 3140 Legitur:
1408 3073 1571 3127 Nihil
1604 3071 1780 3140 igitur
1803 3070 2017 3125 mirum
2053 3073 2159 3137 est,

268 3158 352 3198 ea
396 3142 561 3198 nabis
613 3161 836 3214 qnoque
883 3144 1069 3198 obiici.
1147 3143 1264 3197 Gur
1310 3146 1469 3201 enim
1516 3159 1776 3200 essemus
1824 3143 1890 3196 in
1926 3141 2160 3197 meliore

268 3214 625 3282 conditione*
685 3230 857 3282 quam
910 3215 1023 3270 fuit
1077 3216 1360 3272 Dominus
1415 3219 1607 3271 noster
1660 3215 1826 3268 Iesus
1874 3213 2159 3282 Christus,

272 3302 453 3354 quam
493 3302 693 3338 omnes
733 3287 917 3342 sancti
955 3288 1272 3356 prophetae
1308 3287 1575 3341 fuerunt?
1646 3284 1704 3351 3)
1752 3286 1940 3341 deest:
1988 3288 2053 3338 ut
2093 3315 2159 3343 ..—

272 3358 613 3422 ure-phetae:
689 3358 742 3426 4]
793 3358 983 3414 deest:
1034 3359 1186 3414 hanc
1224 3388 1291 3398 -
1330 3356 1458 3426 ipsi.
1534 3355 1791 3423 Legitur:
1836 3356 2161 3425 Prophetae

320 3430 641 3494 npietatem
681 3430 879 3498 populi
917 3428 1287 3485 damnabant.
1363 3427 1419 3496 5)
1456 3430 1625 3482 esset.
1700 3426 1756 3496 6)
1795 3427 2051 3483 haberet.

457 3626 505 3694 †)
541 3626 826 3694 Perpetua
860 3625 1088 3694 piorum
1124 3627 1423 3681 doctorum
1458 3623 1761 3692 accusatio,
1812 3621 1968 3690 quod
2017 3619 2161 3704 sedi·

304 3714 453 3822 ἨεῐιῈ
453 3698 585 3834 31:ss
613 3698 1051 3822 Ἦῡὲῗιξῗοιοῐθε.
1126 3697 1199 3764 ††)
1235 3697 1560 3765 Prophetae
1594 3693 1772 3752 verba
1803 3692 2159 3748 calumniose
