2584 4267
85 292 89 296 '
199 284 264 348 218
536 283 641 363 Caput
664 282 794 346 tertium

200 467 258 536 est,
281 479 386 540 neque
409 460 493 523 tollit
507 466 647 540 peccata,
672 479 732 522 neo
746 459 847 522 iustos
862 458 949 534 facit,
974 458 1031 520 sed
1047 457 1142 520 relin-

199 550 271 630 quit
293 568 353 612 nos
374 548 410 611 in
432 549 571 630 peccatis
593 555 626 611 et
648 549 709 610 sub
732 549 780 610 ira
801 547 864 623 dei,
887 547 954 609 imo
976 552 1145 626 utrunque

130 639 134 645 ’
200 644 304 717 auget,
328 645 497 719 peccatum
519 637 656 700 stiram
680 637 741 713 dei,
766 656 803 699 ac
826 635 867 698 ad
883 635 1143 716 desperationem

199 726 340 790 adducit.
386 727 476 790 Haec
505 727 603 805 igitur
633 745 731 788 causa
761 725 824 788 fuit
846 744 903 788 cur
925 723 1144 786 sacerdotium

198 821 291 880 vetus
326 835 394 878 una
422 835 496 878 curn
523 817 593 894 lege
630 815 843 894 abrogaretur,
880 818 912 876 et
938 818 976 875 ut
1004 811 1145 894 epistola

199 905 242 967 ad
256 903 421 968 Hebraeos
436 903 524 980 dicit,
548 910 585 967 ut
599 904 806 967 induceretur
821 921 893 984 spes
909 901 1030 977 melior,
1056 920 1143 981 quae

199 993 318 1056 faceret
340 1013 399 1056 nos
422 993 682 1074 appropinquare
705 992 747 1055 ad
770 992 882 1066 deum,
907 1009 989 1072 quae
1012 1010 1079 1062 non
1103 996 1145 1052 ut

198 1081 262 1158 lex,
284 1081 432 1163 impleret
454 1081 579 1145 animos
602 1088 693 1145 metu
714 1081 779 1144 irae
803 1080 856 1143 dei
878 1085 911 1142 et
933 1078 1029 1142 adeo
1053 1097 1141 1142 aver·

199 1176 295 1247 teret,
326 1171 382 1233 sed
412 1171 599 1234 accenderet
624 1171 661 1232 in
691 1169 808 1233 animis
837 1168 989 1230 fiduciam
1017 1167 1141 1230 miseri·

200 1258 325 1322 cordiae
348 1259 411 1322 dei.
456 1259 547 1322 Haec
569 1265 618 1322 est
640 1257 798 1338 evangelii
824 1256 984 1332 doctrina,
1015 1275 1072 1318 seu
1103 1261 1143 1318 ut

200 1348 357 1428 propheta
372 1347 433 1410 bic
455 1353 547 1411 vocat
576 1347 722 1412 doctrina
750 1346 908 1422 iustitiae,
939 1365 1006 1425 qua
1031 1345 1142 1407 remit

199 1442 313 1498 tuntur
338 1442 470 1517 peccata
496 1456 553 1517 per
576 1437 755 1511 Christum,
784 1441 816 1498 et
843 1434 981 1498 donatur
1007 1432 1143 1515 spiritus

201 1531 340 1587 sanctus.

289 1613 367 1675 Ideo
401 1613 480 1676 dicit
513 1612 607 1676 deus:
647 1612 794 1676 Reddam
811 1631 886 1675 *seu
924 1609 1143 1691 compensabo

200 1701 291 1766 vobis
319 1721 436 1777 annos,
465 1721 547 1781 quos
568 1708 761 1766 voraverunt
786 1702 943 1776 locustae,
976 1705 1009 1762 et
1036 1719 1141 1782 come-

201 1790 313 1853 dentes
336 1790 519 1867 comedetis,
542 1791 604 1854 hoc
627 1797 684 1867 est,
709 1789 825 1871 cupide
841 1796 962 1852 etcum
985 1787 1143 1866 singulari

201 1880 363 1960 voluptate
379 1879 563 1956 comedetis,
580 1880 664 1942 sicut
679 1878 819 1942 famelici
834 1871 964 1941 solent¹
998 1877 1144 1958 Respicit

201 1973 310 2031 autem
332 1968 386 2030 hic
409 1989 537 2049 quoque
559 1968 601 2031 ad
622 1968 745 2048 legem,
769 1987 808 2029 ea
829 1973 913 2030 recte
937 1971 1144 2046 comparatur

202 2057 273 2120 cibo
296 2057 353 2137 qui
375 2062 482 2121 movet
497 2063 675 2133 lnauseam,
704 2077 770 2119 non
793 2055 881 2136 quod
902 2055 956 2117 lex
978 2055 1065 2116 mela
1086 2054 1142 2130 sit,

202 2152 251 2208 est
272 2145 360 2208 enim
382 2166 434 2209 ros
450 2146 606 2210 divinitus
621 2146 790 2221 demissus,
814 2151 852 2207 ut
867 2145 972 2206 Moses
989 2142 1142 2224 appellat,
1174 2161 1177 2164 ·

200 2233 262 2296 hoc
292 2240 353 2310 est,
384 2240 433 2297 est
463 2234 607 2298 coelestis
635 2234 791 2298 doctrina.
837 2233 903 2296 Nos
933 2238 1043 2294 autem
1069 2237 1145 2293 tum

201 2322 355 2402 palatum,
371 2328 443 2384 tum
458 2324 661 2385 stomachum
676 2322 827 2386 vitiosum
842 2322 1010 2397 habemus,
1035 2319 1146 2399 qualis

202 2428 270 2471 esse
309 2410 389 2472 solet
426 2410 670 2488 aegrotantium.
724 2411 800 2474 Ideo
836 2411 997 2472 salubrem
1031 2409 1144 2471 oiburn

201 2497 401 2572 fastidimus,
441 2497 525 2561 sicut
561 2499 650 2560 enim
687 2499 805 2562 Paulus
843 2498 922 2562 dicit
959 2499 1051 2560 Rom.
1086 2491 1138 2560 8.²

202 2585 320 2648 Sensus
343 2586 447 2648 carnis
470 2593 519 2650 est
540 2586 711 2651 inimicitia
733 2608 808 2668 erga
823 2587 941 2664 deum,
966 2587 1029 2666 legi
1052 2585 1144 2648 enirn

202 2673 254 2736 dei
282 2695 349 2737 non
378 2674 535 2753 subditur,
565 2697 632 2740 non
662 2677 750 2740 enim
779 2682 894 2758 potest.
941 2675 1005 2748 Qui
1032 2680 1143 2738 autem

202 2763 379 2827 secundum
402 2784 532 2828 carnem
546 2767 669 2843 vivunt,
694 2765 754 2828 deo
769 2766 893 2846 placere
912 2784 978 2827 non
993 2769 1142 2845 possunt.

200 2853 264 2916 Hic
286 2860 336 2916 est
357 2855 488 2918 morbus
511 2861 627 2930 noster,
653 2855 709 2935 qui
724 2855 869 2935 palatum
885 2859 917 2918 et
937 2853 1143 2916 stomachum

201 2942 302 3020 vitiat,
326 2949 364 3006 ut
386 2943 530 3006 coelestis
553 2944 644 3007 cibus
667 2963 687 3005 a
708 2943 802 3006 nobis
818 2942 1010 3006 fastidiatur.
1050 2941 1143 3014 Quae

201 3032 289 3094 enim
312 3031 372 3094 deo
395 3033 533 3112 placent,
561 3033 655 3095 nobis
678 3031 859 3112 displicent.
906 3032 1031 3106 Contra,
1057 3048 1143 3110 quae

201 3120 294 3182 nobis
328 3119 469 3199 placent,
505 3119 565 3184 deo
599 3120 779 3202 displicent.
826 3121 911 3193 Quia
945 3125 1054 3181 autem
1088 3119 1144 3180 lex

201 3226 322 3288 poenas
344 3207 487 3270 minatur
508 3201 810 3290 transgressoribus,
834 3208 907 3271 ideo
931 3208 1144 3270 abhorremus

202 3296 244 3357 ab
271 3315 323 3371 ea,
355 3302 387 3358 et
409 3296 537 3360 odimus
561 3317 642 3360 eam.
694 3292 774 3360 ³Sed
797 3297 985 3377 evangelion
1009 3302 1058 3358 est
1087 3296 1144 3358 ille

202 3383 346 3447 coelestis
369 3384 476 3463 cibus,
509 3385 549 3448 de
572 3406 636 3466 quo
659 3386 713 3449 hic
736 3387 895 3468 propheta
922 3384 1142 3464 concionatur,
1196 3393 1202 3401 “

202 3472 290 3552 quod
312 3473 427 3554 cupide
450 3481 580 3538 etcum
602 3476 766 3556 voluptate
789 3495 918 3538 summa
940 3493 1016 3536 eum
1039 3473 1144 3536 simus

292 3683 320 3752 1)
338 3685 400 3738 Lex
418 3684 522 3738 similis
540 3683 617 3754 cibo,
642 3685 693 3752 qui
712 3689 809 3740 movet
832 3699 978 3739 nauseam.
1016 3681 1044 3748 2)
1064 3683 1144 3737 Ien.:

202 3755 282 3808 Rom.
302 3755 327 3808 8.
364 3755 393 3822 3)
412 3755 590 3821 Evangelion
608 3756 748 3810 delicatus
767 3756 856 3811 cibus.
