2584 4267
512 287 593 351 76
1134 288 1345 369 Caput
1390 289 1745 352 secundum

505 464 755 528 viribus
800 466 959 528 talia
1003 466 1198 543 effici,
1260 465 1375 529 sed
1418 465 1585 528 vires
1640 465 1889 527 domini
1949 461 2153 525 sunt*
2262 465 2410 525 Hie

504 573 648 617 mos
672 559 770 616 est
789 554 1120 634 prophetis
1152 575 1304 617 cum
1334 554 1556 635 plagas
1579 553 1957 616 huiusmodi
1989 553 2402 625 desei-ibunt,

503 648 582 704 ut
634 643 855 705 omnia
908 644 989 704 ab
1047 643 1426 705 hominibus
1489 648 1553 704 et
1608 643 1689 703 ab
1735 641 2081 705 hominum
2141 641 2406 701 viribus

509 730 592 792 ad
636 731 832 794 deum
878 736 942 793 et
987 731 1069 793 ad
1124 731 1230 793 dei
1274 730 1442 795 vires
1487 729 1781 793 referant.
1877 729 1981 793 Sis
2029 729 2202 789 enirn
2254 729 2410 805 agit

508 819 693 895 deuS‚
765 839 988 882 vocem
1056 839 1243 881 suam
1311 819 1455 895 dat,
1542 824 1673 898 qua
1738 817 2174 898 perterrefassit
2242 837 2406 877 cun-

508 906 806 970 scientias
847 927 1100 984 eorum,
1152 925 1312 986 quos
1357 907 1622 987 perdere
1665 907 1833 981 vult,
1885 917 1945 969 et
1993 909 2085 969 sir:
2129 905 2402 965 territos

506 1015 763 1058 necesse
803 1002 901 1059 est
938 998 1332 1072 occumbere,
1369 1001 1957 1076 quantaequantae
1997 997 2129 1057 sint
2162 1013 2402 1057 eornm

506 1084 673 1148 vires
728 1089 793 1145 et
846 1103 1028 1146 arma
1080 1091 1197 1147 etc.
1290 1083 1480 1147 Idem
1534 1084 1668 1165 agit
1720 1084 2021 1145 dominus
2077 1085 2149 1145 in
2206 1077 2402 1145 omni

504 1172 838 1249 victoria-1·
951 1172 1281 1235 Hactenus
1338 1174 1596 1252 plagam
1658 1173 1990 1253 proposuit
2049 1173 2394 1249 propheta,

511 1280 643 1341 qua
671 1255 881 1324 voluit
910 1279 1017 1323 eos
1049 1261 1132 1323 ad
1169 1261 1639 1341 poenitentiam
1668 1279 1977 1333 revocare,
2013 1269 2089 1321 ut
2113 1261 2206 1321 sit:
2238 1257 2398 1321 resi—

505 1336 826 1428 pisclites
870 1350 1289 1428 praeveniant
1334 1348 1594 1412 futurae·
1633 1348 1817 1411 cladi.

685 1437 991 1517 Sequitur
1036 1438 1237 1499 altera
1277 1457 1430 1518 pars
1474 1436 1723 1516 capitis

801 1595 1266 1658 Convertimini
1315 1596 1399 1658 ad
1442 1615 1548 1659 me
1592 1596 1664 1657 in
1708 1602 1841 1658 toto
1889 1597 2093 1657 eorde.

683 1701 1015 1764 Hactenus
1061 1702 1433 1766 audivimus
1479 1702 2051 1764 comminationem
2096 1720 2394 1770 severam

460 1793 468 1800 '
506 1790 612 1852 dei
657 1790 762 1869 de·
782 1789 1000 1854 futura
1042 1791 1482 1871 persecutione
1528 1796 1592 1852 et
1635 1790 1842 1870 plaga.
1931 1789 2208 1853 Subiicit
2253 1790 2393 1852 iam

507 1878 852 1941 consilium
898 1884 963 1941 et
1006 1880 1371 1942 consolatur
1415 1897 1549 1954 θοε,
1600 1873 1692 1940 si¹
1757 1879 1918 1940 forte
1963 1879 2169 1958 possit
2215 1891 2391 1941 aver*

505 1973 637 2029 tere
703 1967 808 2030 vel
882 1968 1112 2030 saltem
1180 1967 1434 2029 differre
1508 1968 1676 2028 hanc
1749 1968 2027 2047 plagam.
2142 1967 2395 2030 Aversa

508 2061 728 2118 autem
772 2075 905 2118 non
950 2062 1064 2132 est,
1114 2055 1227 2118 sed
1272 2055 1493 2118 dilata.
1565 2052 1746 2118 Sicut
1791 2061 1855 2118 et
1899 2056 1969 2117 in
2014 2056 2394 2131 Abrahamo

504 2144 802 2207 videmus
815 2192 829 2220 ‚
899 2144 1014 2224 qui
1067 2150 1251 2207 tanta
1315 2144 1726 2207 vehementia
1787 2164 1904 2223 pro
1959 2138 2390 2206 Sodomorum

506 2234 715 2293 salute
762 2231 983 2307 oravit,
1032 2239 1109 2294 ut
1154 2232 1352 2293 etiam
1397 2232 1682 2295 differret
1725 2231 2043 2295 iudicium
2088 2232 2221 2308 dei,
2262 2232 2392 2295 'sed

504 2319 675 2380 nihil
726 2319 1075 2399 promovit,
1123 2320 1450 2399 poenitere
1502 2320 1864 2383 noluerunt.
1965 2321 2196 2401 Itaque
2250 2326 2391 2383 tan-

505 2406 655 2468 dem
700 2408 879 2469 venit
924 2426 1115 2489 super
1170 2427 1275 2471 eos
1331 2409 1449 2472 ira.
1481 2406 1588 2471 dei
1643 2415 1706 2471 et
1759 2408 1844 2471 ad
1895 2428 2104 2472 unum
2157 2428 2390 2471 omnes

508 2501 659 2557 sunt
706 2496 993 2557 extincti.
1086 2497 1470 2559 Praescribit
1513 2517 1661 2577 ergo
1714 2498 1822 2559 hic
1880 2498 2199 2577 propheta
2251 2515 2388 2559 mo-

506 2583 693 2660 dum,
766 2604 893 2663 quo
948 2584 1103 2648 huic
1165 2586 1338 2648 malo
1392 2586 1596 2667 possit
1649 2586 1919 2662 occurri,
1979 2585 2091 2648 sed
2144 2586 2392 2666 populo

609 2828 620 2841 ·
684 2757 740 2828 ²¹³)
778 2758 869 2811 Sic
904 2763 1071 2814 vocat
1105 2759 1169 2812 in
1203 2760 1380 2813 Esaia
1415 2758 1684 2813 dominus
1707 2757 2011 2827 Assyrium
2050 2757 2289 2825 virgam
2307 2760 2394 2814 fu·

508 2844 656 2883 roris
696 2845 848 2884 suae.

688 3023 741 3093 1)
779 3024 991 3079 desunt
1024 3025 1224 3080 verba:
1264 3023 1316 3078 si
1352 3026 1499 3078 forte
1538 3043 1605 3063 ·-·
1644 3023 1748 3077 sed
1768 3024 2009 3079 ‘dilatas
2037 3024 2299 3091 Legitur:
2330 3024 2391 3080 >si

508 3098 655 3149 forte
679 3096 742 3147 in
765 3095 921 3150 viam
943 3095 1195 3150 revocari
1215 3111 1277 3149 se
1301 3095 1614 3164 patiantur,
1639 3099 1699 3149 et
1721 3094 1805 3148 ita
1827 3095 2103 3162 effugiant
2121 3110 2390 3163 poenam.

516 3166 645 3219 Non
682 3165 838 3217 enim
871 3166 997 3219 vult
1022 3165 1311 3219 dominus·
1326 3169 1570 3219 mortem
1606 3166 1940 3235 peccatoris,
1966 3166 2069 3220 sed
2101 3166 2290 3233 magis
2327 3170 2394 3221 ut

510 3238 875 3290 convertatur
909 3240 969 3288 et
1002 3235 1177 3290 vivat.
1250 3237 1329 3289 Et
1345 3236 1493 3290 -ideo
1529 3240 1619 3290 est
1662 3236 2009 3303 longanimis
2045 3241 2105 3291 et
2139 3236 2394 3306 patiens,

508 3309 576 3359 ut
626 3305 712 3358 sit·
748 3305 1000 3373 spatium
1051 3307 1460 3375 poenitentiae.
1540 3306 1653 3361 Sed
1707 3302 1808 3374 <ini
1861 3308 2092 3362 nolunt·
2119 3308 2184 3359 in
2232 3307 2392 3362 viam

509 3375 713 3445 redire,
737 3376 832 3429 his
865 3391 933 3430 eo
954 3378 1138 3431 maior
1170 3378 1435 3431 imminet
1457 3392 1662 3447 poena,
1687 3382 1747 3431 et
1769 3380 2065 3433 cumulant
2089 3378 2202 3434 sibi
2223 3379 2369 3431 iram

509 3447 748 3500 Frustra
792 3451 985 3501 autem
1028 3449 1140 3502 fuit
1184 3450 1328 3501 haec
1364 3447 1680 3502 admonitio
1726 3450 1881 3518 apud
1916 3450 1954 3503 J
1954 3450 2183 3503 udaeos.
2258 3450 2348 3501 No

512 3517 669 3571 enim
717 3532 935 3587 aversa,
986 3518 1089 3573 sed
1133 3518 1314 3573 dilata
1357 3523 1587 3573 tantum
1631 3522 1721 3573 est
1768 3536 1970 3588 poena.
2022 3519 2212 3573 -Sicut
2262 3536 2366 3587 sqq

692 3678 750 3746 †)
785 3678 1083 3732 Hactenus
1108 3678 1331 3732 futuras
1353 3678 1617 3733 miserias
1649 3677 1940 3748 praedixit
1963 3691 2134 3748 nuno,
2167 3681 2234 3731 ut
2257 3678 2374 3731 illas

513 3749 805 3819 effugiant,
842 3749 916 3802 ad
950 3749 1368 3818 poenitentiam
1402 3750 1625 3806 invitat.
