2584 4267
475 292 710 372 Prolegomena.
1000 291 1061 353 135

212 468 479 549 praelectionibus
511 469 573 532 hac
605 470 641 532 in
674 489 708 531 re
742 468 985 549 diligentissime
1021 470 1061 531 ab

214 558 345 620 homine
369 557 511 621 studioso
534 558 676 640 exceptis
699 576 930 639 saepenumero
959 577 1060 638 repre-

211 645 327 709 hendit
349 666 477 709 mamm
500 666 537 710 ac
559 646 688 729 pietatis
703 647 917 728 corruptelam
934 646 1060 709 mundi·

211 754 274 815 que
303 735 434 798 ruinam
462 736 595 799 omnino
623 736 799 799 instantem
827 735 918 799 brevi
950 754 1060 816 expec-

211 823 354 887 tandam.
401 823 534 887 Accedit
561 824 598 887 in
626 815 825 906 praefatione
852 824 952 887 etiam
972 824 1061 887 locus

211 912 447 993 amplissimus,
491 911 531 976 de
569 931 634 994 quo
671 933 738 976 non
776 913 882 976 solum
918 911 1060 975 Joannes

212 1000 389 1065 Mathesius
419 1001 568 1064 ecclesiae
590 1001 910 1065 Joachimouallensis
939 1002 1059 1065 concio-

211 1096 303 1153 nator
329 1088 549 1166 fidelissimus,
581 1096 751 1154 renovatae
780 1090 930 1153 ecclesiae
959 1090 1059 1172 philo-

211 1178 294 1239 mela
323 1179 533 1259 praecellens,
564 1179 704 1242 Luthero
727 1177 996 1241 familiarissimus
1025 1180 1061 1240 in

211 1266 363 1329 concione
389 1267 448 1329 XL
479 1266 519 1329 de
550 1267 617 1331 vita
638 1267 771 1330 Lutheri
800 1287 833 1348 p.
861 1267 923 1330 122
953 1267 1058 1342 refert,

212 1354 267 1417 sed
296 1360 427 1437 propter
456 1374 554 1436 quem
583 1363 696 1438 postea
724 1356 822 1419 etiam
850 1355 890 1418 D.
918 1354 1060 1419 Jcanncs

210 1442 390 1507 Friderious
413 1444 525 1525 Meyer
553 1445 720 1525 theologus
749 1444 936 1508 notissimus
959 1443 1060 1507 edidit

210 1530 464 1614 disputationem
484 1533 758 1597 accuratissimam
780 1540 876 1613 atque
899 1533 1058 1613 argutissi-

127 1648 128 1655 κ
209 1640 314 1697 mam,
351 1622 404 1685 cui
431 1622 631 1686 inscribitur:
668 1622 742 1686 Divi
767 1622 901 1685 Lutheri
929 1628 1057 1685 votum:

211 1708 296 1772 Deus
326 1729 383 1773 vos
412 1710 547 1792 impleat
574 1710 650 1775 odio
679 1730 783 1793 papae
815 1712 910 1773 1699.
956 1711 1059 1782 Locus

211 1798 434 1861 celeberrimus
463 1798 506 1862 ad
534 1800 702 1863 historiam
724 1799 808 1863 ritae
830 1798 963 1861 Lutheri
992 1818 1058 1880 per-

211 1886 316 1949 tinens
345 1886 383 1950 in
411 1887 609 1968 praefatione
631 1888 702 1951 Viti
722 1886 884 1953 Theodori
912 1886 966 1949 hio
992 1894 1056 1950 est:

209 1974 357 2050 ‚Memini
378 1982 454 2039 ante
477 1996 579 2041 annos
602 1975 715 2039 decem
737 1973 870 2056 (1537),
901 1994 977 2038 cum
999 1974 1057 2037 Lu·

207 2063 319 2127 therua
342 2070 472 2128 sanctae
494 2065 670 2128 memoriae
684 2065 825 2128 venisset
839 2063 882 2126 ad
895 2063 1058 2144 synodum

210 2152 393 2217 institutam
430 2153 470 2216 de
508 2153 709 2218 confessione
742 2154 948 2233 Augustana,
986 2160 1058 2216 tum

208 2242 397 2324 scripnuae,
429 2248 500 2307 tum
529 2249 674 2308 veterum
702 2248 832 2325 patrum
865 2241 1057 2306 testimoniis

207 2330 444 2407 confirmanda,
477 2350 514 2395 aa
544 2351 586 2395 ex
613 2330 806 2411 longa'duri
828 2337 861 2394 et
882 2330 987 2412 asperi
1008 2331 1056 2394 iti·

209 2418 293 2482 neris
328 2420 515 2496 iactatione,
552 2420 720 2484 incidisset
754 2420 792 2483 in
828 2418 1058 2483 difficillimum

208 2508 375 2585 morbum,
406 2528 484 2571 nam
505 2510 542 2571 in
564 2526 689 2573 nonum
711 2528 814 2590 usque
836 2507 924 2571 diem
945 2508 1057 2572 urinae

209 2596 278 2659 viae
315 2596 497 2661 obstructae
536 2604 642 2675 erant,
689 2597 888 2662 medicorum
925 2597 1057 2661 oonsilio

206 2684 368 2748 exanimis
390 2702 473 2767 pene
496 2686 532 2748 in
557 2686 647 2749 uiam
676 2705 710 2749 se
739 2685 853 2761 dabat,
883 2686 1057 2749 moriturus

209 2774 342 2851 scilicet,
373 2774 402 2837 si
423 2774 471 2837 ita
492 2774 561 2837 Deo
589 2774 699 2839 uisum
728 2781 812 2837 esset
836 2773 874 2835 in
895 2773 984 2835 chari
1006 2773 1058 2836 sui

209 2858 363 2945 principis
386 2862 518 2925 ditione.
561 2862 745 2927 ¹(lonscenso
766 2861 865 2941 igitur
886 2879 995 2936 curru,
1020 2881 1056 2923 ao

208 2950 323 3014 leuatis
344 2950 496 3015 manibus
519 2950 713 3015 benedicens
736 2969 773 3013 ac
795 2946 978 3012 ualedicens
1000 2950 1055 3011 cir-

207 3038 444 3104 cumstantibus
482 3040 575 3104 nobis
616 3058 737 3119 magno
781 3054 932 3113 numero,
977 3037 1056 3101 haec

209 3126 324 3191 ultima
344 3128 445 3191 uerba
466 3128 618 3192 sedebat:
649 3127 789 3209 Impleat
816 3144 876 3190 uos
899 3125 1056 3190 Dominus

208 3214 430 3279 benedictione
453 3236 512 3280 sua
534 3224 567 3281 et
588 3215 664 3280 odio
678 3211 798 3299 Papae(
829 3213 958 3279 Ductori
980 3234 1055 3297 quo·

208 3322 270 3383 que
292 3305 438 3369 Pontano
468 3325 525 3386 per
554 3325 686 3369 seruum
710 3304 894 3369 renunciari
914 3303 1054 3380 iubebat,

211 3410 242 3453 se
264 3393 388 3475 precari
409 3394 440 3457 ei
462 3394 573 3458 omnia
595 3394 731 3471 foelicia‚
755 3393 926 3476 praecipue
947 3398 1056 3457 autem

210 3486 246 3543 ut
266 3480 370 3547 discat
384 3484 506 3565 Papam
528 3502 622 3548 nossa
646 3483 730 3547 siout
751 3482 814 3546 sibi
837 3487 921 3545 esset
942 3488 1054 3545 notus:

211 3566 254 3631 ita
286 3570 375 3633 enim
408 3572 570 3649 futurum,
606 3578 644 3636 ut
677 3591 736 3636 suo
765 3570 914 3652 exemplo
943 3570 1057 3633 acriter

211 3674 284 3718 aum
306 3658 434 3723 odisset.
480 3660 553 3723 Non
575 3667 685 3725 autem
711 3650 832 3724 inuidit
853 3656 1002 3721 Pontifici
1024 3664 1056 3720 et

211 3744 275 3808 suis
304 3766 381 3830 opes
411 3755 443 3813 et
476 3748 668 3829 dignitatern
696 3750 871 3823 Lutherus,
907 3744 1056 3825 pertinax
