2584 4267
25 349 29 388 ;
220 294 282 357 132
564 293 800 372 Prolegomena.

217 470 469 554 perscrutatione
483 470 600 535 versati
615 476 700 545 sunt,
718 470 795 532 satis
810 474 925 531 notum
939 469 990 545 sit,
1014 469 1158 531 locustas

217 562 360 642 primum
390 559 532 640 attigisse
555 558 745 635 Sanamem,
777 556 890 640 prioris
918 557 995 619 anni
1024 556 1158 619 denota·

217 650 339 713 tionem
361 649 397 711 in
423 648 523 724 1542,
554 648 739 729 posterioris
761 646 796 709 in
822 646 907 707 1544
934 646 1160 726 corrigendam

218 757 286 801 esse
313 744 346 801 et
373 737 505 800 omnino
535 737 633 799 statui
662 736 791 812 debere,
818 736 997 799 Lutherum
1019 735 1160 818 praelec-

218 828 339 890 tionem
373 844 466 889 suam
499 826 535 888 in
562 825 688 889 Joelem
722 826 913 907 prophetam
946 844 1032 887 anno
1070 823 1162 886 1545

219 915 413 978 exhibuisse.
460 914 547 977 Elias
570 914 717 977 Frickius
746 920 855 977 autem
877 914 1082 977 concionator
1104 912 1160 975 Ul·

218 1003 337 1066 mensis
353 1004 402 1065 -in
436 1007 623 1066 contextum
656 1002 810 1066 versionis
845 1012 932 1065 suae
955 1001 1162 1081 germanicae

218 1093 292 1154 libri
304 1089 574 1155 .Seclrendorfiani
588 1091 716 1173 Lipsiae
741 1089 827 1154 1714
850 1091 955 1155 editae
977 1111 1049 1171 pag.
1069 1090 1161 1152 2645

218 1181 323 1243 iniicit
345 1180 504 1244 saniorem
528 1200 620 1243 suam
643 1182 704 1244 etsi
726 1179 866 1243 demisso
890 1180 998 1243 animo
1027 1179 1163 1241 uncinis

218 1270 376 1333 inclusam
398 1270 585 1350 opinionem
607 1270 706 1332 etiam
729 1290 749 1331 a
770 1271 809 1332 D.
833 1269 978 1332 Walohio
1001 1269 1037 1330 in
1059 1268 1162 1351 adno-

219 1358 395 1421 tationibus
424 1357 466 1420 ad
495 1357 656 1437 pagellam
683 1359 725 1419 22
759 1357 840 1421 tomi
868 1358 935 1419 qu
960 1357 1162 1420 collectionis

219 1446 440 1509 celeberrimae
468 1445 625 1509 institutis
659 1448 913 1528 comprobatam,
949 1446 1163 1527 probabiliter

222 1534 473 1597 existimandum
507 1554 592 1610 esse,
632 1536 721 1616 quod
753 1534 857 1598 editor
893 1535 998 1615 operis
1036 1534 1164 1597 scilicet

219 1624 313 1687 Vltus
330 1622 514 1687 Theodorus
537 1624 645 1686 locum
668 1623 708 1686 de
730 1624 860 1687 locustis
883 1622 1051 1687 addiderit.
1091 1624 1164 1687 Nec

218 1714 280 1776 hoo
301 1713 466 1777 hactenus.
509 1712 752 1776 Seokendorfius
774 1714 809 1776 in
831 1713 983 1775 historiae
1005 1711 1163 1775 Luthera·
1232 1777 1234 1784 ,

219 1802 317 1864 nismi
331 1802 412 1865 libro
427 1802 484 1863 ΠΙ.
511 1804 531 1881 ξ
550 1802 622 1865 138.
647 1799 762 1883 poto
785 1802 902 1864 itemm
923 1800 1047 1881 egregie
1063 1807 1162 1876 errat,

219 1909 320 1970 quum
343 1910 384 1953 ex
410 1892 712 1954 commemoratione
735 1890 958 1971 Sophistarum
980 1889 1164 1952 Louanien-

220 1979 304 2041 sium
327 1986 359 2042 et
374 1979 584 2043 Conciliabuli
599 1979 780 2042 Tridentini
794 1980 958 2053 coniectet,
979 1979 1165 2040 Lutherum

220 2067 417 2131 auditoribus
452 2070 519 2132 suis
554 2088 639 2132 anno
663 2069 761 2130 XLV.
790 2068 982 2149 prophetam
1011 2073 1165 2141 nostrum
1266 2100 1269 2117 ·

219 2156 449 2235 explanavisse.
479 2156 553 2221 Non
567 2158 754 2237 ignoramus
765 2157 929 2236 theologos
940 2156 1164 2219 Louanienses

221 2264 305 2306 anno
328 2245 443 2308 XLIV·
472 2246 701 2309 controversias
729 2264 803 2308 suas
831 2244 1002 2325 protulisse
1032 2251 1066 2307 et
1089 2264 1163 2308 6611-

221 2332 331 2393 cilium
347 2332 572 2395 Tridentinum
586 2334 663 2395 inde
683 2334 724 2396 ab
748 2354 833 2396 anno
848 2332 948 2395 XLH.
972 2328 1165 2396 institutum
1264 2346 1269 2417 ἦ

222 2420 330 2495 luisse,
355 2421 412 2483 6611
434 2420 500 2483 iam
523 2423 561 2483 D.
586 2420 751 2485 Walchius
774 2424 809 2484 in
832 2422 1097 2485 adnotationibus
1121 2422 1165 2485 ad
1263 2421 1269 2460 ⁴

224 2509 382 2589 pagellam
407 2508 449 2573 20
478 2510 558 2573 tomi
584 2511 640 2573 VI.
672 2511 865 2574 collectionis
894 2511 1046 2573 Halensis
1076 2511 1165 2573 hanc
1267 2546 1269 2584 1

224 2598 438 2661 coniecturam
468 2599 622 2661 nimirum
650 2600 785 2663 minime
814 2600 1029 2662 sufficientem
1051 2592 1165 2663 nullis·
1268 2611 1269 2678 1

222 2705 284 2766 que
307 2688 458 2775 gravioris
481 2689 637 2751 momenti
653 2689 849 2768 argumentis
864 2689 1026 2751 munitam
1040 2688 1167 2752 refutat
1268 2685 1269 2693 '

222 2775 401 2852 declarans,
437 2777 519 2839 nihil
553 2796 612 2841 nos
644 2778 817 2859 impedire,
853 2777 941 2856 quod
978 2776 1164 2858 opinemur,

221 2865 400 2928 Lutherum
425 2866 500 2927 iam
533 2866 637 2947 priore
666 2873 811 2947 tempore
829 2865 1032 2947 'prophetam
1048 2868 1165 2953 expli·
1268 2870 1269 2904 ³

222 2955 341 3031 ruisse,
377 2955 551 3035 posteriore
585 2963 694 3018 autem
728 2955 966 3035 aliquantulum
996 2953 1165 3031 adiecisse,

221 3044 273 3106 vel
302 3044 342 3105 ab
373 3043 492 3105 editore
521 3044 720 3124 paucissima
746 3044 782 3105 in
811 3049 999 3107 contextum
1027 3043 1166 3105 Lutheri

222 3132 318 3194 tacite
350 3136 493 3193 attamen
520 3132 608 3195 bona
634 3137 744 3194 mente
770 3132 891 3194 11166116
918 3152 996 3195 esse.
1043 3131 1108 3193 Sed
1133 3138 1167 3195 et

223 3218 388 3281 Walchius
420 3219 525 3281 adhue
553 3220 732 3296 confitetur,
768 3240 827 3283 nos
860 3222 993 3283 omnino
1027 3221 1164 3297 nescire,

223 3306 354 3388 quando
376 3308 536 3371 Lutherus
557 3308 708 3372 habuerit
729 3309 764 3370 in
786 3308 924 3390 publicis
946 3308 1065 3372 scholis
1093 3328 1164 3373 666·

223 3396 356 3460 (16161616
380 3396 419 3460 116
443 3404 551 3461 nostro
574 3397 732 3478 propheta
753 3398 1009 3478 praelectionem.
1053 3398 1098 3461 Et
1121 3397 1162 3461 ad

222 3488 285 3549 hoc
315 3504 417 3565 usque
446 3493 575 3565 tempus
604 3505 700 3548 nemo
723 3486 973 3578 nonxprofessus
996 3492 1046 3549 est
1067 3506 1154 3549 suan

224 3576 438 3655 ignorantiam
460 3574 500 3637 de
523 3574 585 3635 hac
607 3592 650 3635 re.
688 3573 759 3635 Iam
774 3594 848 3638 vero
862 3595 923 3663 nos
939 3595 1005 3637 non
1021 3576 1158 3657 amplius
1268 3610 1269 3618 1

224 3666 394 3727 nescimus.
460 3658 654 3741 Explanatio
699 3662 785 3725 facta
828 3670 877 3727 est
914 3662 990 3725 inde
1032 3684 1053 3725 a
1096 3664 1158 3727 fine
1268 3719 1269 3724 ,

227 3754 346 3815 16611616
374 3752 449 3813 Iulii
478 3745 580 3830 usque
612 3750 653 3812 ad
683 3751 861 3829 profestum
887 3752 1052 3815 Laurentii
1083 3752 1158 3815 anni
1267 3774 1269 3845 3
