2584 4267
414 291 513 354 Joelis
536 293 720 374 prophetae.
973 295 1034 354 211

97 451 269 532 ¹nationem.
304 470 335 530 A
349 474 459 532 monte
475 468 578 531 Moria
593 469 890 532 denominationem
905 471 1037 534 ecclesia

107 556 296 620 nonhabet.
343 557 414 621 Etsi
436 557 524 619 enim
546 557 574 621 is
596 577 690 620 mons
713 563 781 620 erat
795 558 920 621 dicatus
936 560 1037 623 cultui
1146 625 1147 628 ,

107 646 169 721 dei,
189 652 221 708 et
240 644 314 708 ideo
337 665 467 726 quoque
486 653 615 719 sanctus
631 645 811 728 appellatur
826 666 845 709 a
859 649 1035 729 prophetis,

107 741 224 810 tamen,
264 734 347 814 quia
380 734 525 800 exhibito
559 733 685 798 Christo
723 734 899 814 abrogandi
932 738 1036 801 cultus

107 823 143 884 hi
156 819 250 900 erant,
274 829 432 902 tanquam
450 823 567 886 umbra
582 822 759 908 etjfigurae,
784 843 803 886 a
818 823 914 887 Zione
929 827 1036 906 potius

106 912 234 974 ecclesia
256 931 376 974 nomen
398 912 506 975 habet.

190 1001 284 1064 Iubet
306 1007 416 1064 autem
438 1001 596 1082 propheta
617 1000 700 1063 filios
716 999 804 1076 Zion,
828 1007 865 1064 ut
879 1002 1038 1066 laetentur

106 1095 257 1169 tanquam
278 1089 315 1152 in
337 1108 422 1153 nova
442 1094 476 1152 et
497 1088 555 1152 diu
581 1093 752 1170 expectata
778 1109 826 1164 re,
856 1109 893 1153 ac
922 1091 1037 1155 diserte

106 1177 190 1255 dicit,
213 1183 250 1240 ut
270 1179 430 1242 laetentur
452 1178 487 1240 in
510 1177 642 1241 domino
658 1177 718 1241 deo
734 1196 801 1253 suc,
826 1184 863 1241 ut
880 1180 1036 1258 ostendat,

104 1267 199 1329 huius
221 1267 332 1346 gaudii
353 1267 578 1330 instructorem
601 1285 658 1328 seu
686 1271 848 1329 auctorem
877 1267 944 1331 fore
972 1290 1039 1346 non

106 1354 260 1432 homines,
284 1373 352 1418 non
372 1355 511 1435 angelos,
536 1354 593 1417 sed
615 1355 725 1436 ipsum
747 1354 854 1418 deum.
901 1357 985 1419 Nam
1004 1359 1039 1421 in

107 1443 177 1506 aliis
198 1441 371 1521 beneficiis,
396 1444 446 1508 vel
467 1443 640 1506 hominum
663 1443 713 1508 vel
738 1445 924 1524 angelorum
947 1447 1038 1509 mini-

105 1533 199 1595 sterio
222 1533 302 1597 deus
324 1532 374 1596 uti
396 1532 485 1596 solet.
532 1533 592 1594 Per
611 1532 724 1597 Mosen
748 1531 860 1602 eduxit
882 1535 1039 1615 populum

105 1641 209 1697 suum,
233 1641 290 1702 per
307 1621 411 1698 losua,
436 1621 591 1696 Gideona,
608 1620 756 1684 Simeona
778 1628 810 1685 et
832 1622 910 1685 alios
925 1624 1039 1686 heroas

105 1709 249 1772 defendit
272 1711 429 1791 populum
451 1730 557 1786 suum,
581 1722 638 1791 per
662 1709 791 1790 angelos
814 1710 904 1774 dedit
925 1712 1038 1792 legem,
1133 1772 1135 1780 ,

105 1818 161 1880 per
190 1799 342 1878 angelum
369 1797 486 1862 occidit
513 1799 728 1880 primogenita
757 1798 898 1880 Aegypti
927 1806 959 1863 et
988 1800 1040 1863 ob·

104 1887 274 1967 sidionem*
300 1887 597 1967 Hierosolymorum
637 1887 741 1950 solut.
802 1885 865 1949 Sed
905 1888 940 1949 in
980 1887 1041 1952 hoc
1097 1900 1099 1904 ‘

104 1975 269 2052 beneficio,
293 1976 381 2056 quod
396 1976 516 2058 populo
539 1994 598 2038 auo
613 1975 712 2038 deum
728 1975 948 2038 exhibiturum
963 1976 1042 2040 dicit

104 2065 270 2146 propheta,
295 2072 391 2145 atque
413 2064 486 2128 ideo
508 2064 620 2128 laetari
642 2064 741 2140 iubet,
754 2063 886 2135 ¹nullius
905 2065 959 2128 'vel
988 2085 1040 2138 an:

103 2153 166 2233 geli
187 2154 239 2215 vel
260 2152 403 2216 hominis
425 2153 603 2216 ministerio
626 2159 735 2216 utetur
756 2151 845 2216 deus.
892 2154 965 2234 Ipse
985 2173 1042 2236 per

103 2262 136 2304 se
160 2241 265 2304 aderit
286 2243 406 2324 populo
430 2262 489 2304 suo
512 2248 544 2304 et
566 2241 746 2304 benefaciet
768 2241 806 2304 ci
853 2241 930 2306 Ideo
949 2242 1039 2306 dicit:

103 2330 138 2393 in
161 2330 293 2394 domino
316 2331 376 2393 deo
399 2351 453 2394 ves
455 2337 515 2408 tro
525 2331 701 2393 laetamini
749 2329 826 2406 Cur,
857 2337 914 2394 aut
915 2349 1041 2438 quam

103 2420 144 2482 ob
168 2421 325 2482 causam?
354 2419 439 2499 quid
462 2419 518 2482 fiet
539 2439 615 2498 mag
596 2419 674 2481 vni?

193 2508 278 2582 Quia
299 2508 407 2588 inquit
428 2508 486 2571 dat
507 2508 567 2571 tibi
596 2507 769 2572 doctorem
777 2503 789 2541 ¹
839 2509 1042 2574 Vocabulum

104 2591 234 2660 moreh²
262 2603 377 2661 notum
392 2604 449 2673 est,
473 2603 636 2677 utrunque
653 2597 811 2676 significat
797 2597 902 2660 dtoct
889 2604 991 2670 torem
1010 2604 1042 2661 et

104 2685 260 2767 pluviam,
284 2686 366 2748 forte
388 2647 486 2765 qudd,
510 2687 578 2748 ιιι
569 2706 605 2747 ιιι
620 2686 717 2748 Esaia
739 2692 796 2762 cst,
820 2705 879 2765 par
893 2685 1044 2766 utrinque

104 2775 186 2838 ratio
209 2778 268 2851 est,
289 2764 404 2859 pluvia
421 2774 515 2838 coelit
501 2779 553 2838 tus
568 2774 710 2837 demittit
696 2779 757 2837 tur.
803 2773 885 2835 Boni
901 2773 1045 2838 doctores

104 2882 236 2943 quoque
259 2823 314 2925 dei
343 2861 468 2926 donum
496 2868 582 2926 sunt
560 2861 742 2925 tPluvia
771 2861 840 2924 eine
870 2861 954 2924 fruct
940 2867 977 2924 tu
1010 2861 1046 2924 in

103 2958 233 3024 terram¹
264 2950 389 3014 aridam
422 2971 592 3032 nunquam
626 2947 887 3014 descendit:1t
873 2955 907 3013 ta
941 2952 1045 3014 certus

104 3059 235 3120 semper
257 3040 349 3104 verbi
369 3041 405 3103 in
428 3040 561 3103 ecclesia
583 3039 706 3102 fructus
729 3045 786 3104 est.
833 3037 896 3101 Sed
917 3038 971 3101 hic
994 3057 1045 3100 ex-

102 3128 259 3192 clamabit
281 3128 434 3204 Iudaeus,
466 3128 630 3208 quidhoc
653 3128 764 3208 magni
786 3133 842 3190 aut
868 3128 945 3192 novi
973 3129 1045 3191 est?

102 3220 225 3280 Annon
264 3217 423 3280 habemus
461 3217 527 3280 iam
567 3222 663 3281 antea
699 3216 846 3281 divinum
883 3217 1046 3282 doctorem

102 3306 230 3382 Mosen,
255 3312 289 3369 et
309 3307 508 3388 prophetas?
543 3307 666 3368 Verum
689 3325 765 3368 sane
788 3311 845 3368 est.
892 3306 988 3369 Recte
1010 3306 1047 3368 hi

143 3414 236 3474 ioque
255 3395 409 3458 dicuntur
423 3394 578 3470 doctores,
602 3401 636 3458 et
651 3395 744 3475 quasi
760 3394 891 3458 coelitus
907 3395 1047 3458 demissa

170 3482 295 3547 aridam
324 3478 463 3566 pluvia³
512 3482 602 3546 Sicut
628 3484 698 3564 ipse
721 3483 826 3548 Moses
856 3484 917 3546 hac
945 3483 1047 3563 figura

189 3692 643 3761 l)-Pluviasignificatdoctorem.
672 3694 700 3762 2)
714 3694 787 3749 Ien.:
806 3693 914 3748 Moreh.
940 3690 969 3756 3>
983 3690 1046 3744 Pro·

143 3763 234 3818 ttitur
251 3765 309 3820 alia
327 3765 457 3822 doctrina
476 3781 563 3834 quam
580 3766 635 3820 lex.

837 3850 886 3903 14·
