2584 4267
237 247 301 314 376
587 228 823 335 Prolegomena.

236 452 308 494 rum
341 434 429 496 hunc
463 433 732 496 commentarium
762 432 942 510 „edidisse“
973 453 1011 496 eo
1044 433 1181 515 potissi·

236 539 327 582 mum
349 522 423 598 fine,
447 527 486 585 ut
506 521 542 583 in
565 521 763 602 praefatione
786 529 819 585 et
833 521 964 585 exordio
979 529 1100 599 monet,
1127 529 1179 598 ut,

235 609 390 689 quoniam
401 609 515 674 eadem
526 611 614 686 vitia,
634 630 718 691 quae
732 611 889 692 propheta
904 611 940 696 in
957 611 1077 692 populo
1091 611 1181 674 Isra-

234 699 365 763 helitico
380 701 513 778 taxavit,
529 699 672 761 maxime
687 707 797 762 autem
808 700 999 780 magnificus
1009 701 1061 778 (ut
1070 700 1181 780 loqui·

234 786 301 866 tur)
312 794 516 871 contemptus
528 789 686 869 evangelii
697 794 730 852 et
736 809 843 851 sacrae
851 788 1014 852 doctrinae
1021 808 1179 853 renoven·
1194 848 1198 851 .

234 882 296 954 tur,
321 876 452 941 eaedem
467 897 596 959 quoqne
611 897 789 960 poenarum
803 876 1066 940 denunciationes
1079 878 1178 940 fiant.
1255 930 1261 938 .

323 967 395 1030 Hoc
416 967 486 1030 loeo
509 967 638 1030 anobis
654 967 897 1029 commemorari
924 972 1031 1042 restat,
1055 965 1179 1029 Luthe

234 1073 322 1132 rum,
354 1071 542 1137 quanquam
570 1055 640 1137 ipse
671 1055 894 1119 adnotationes
916 1055 957 1117 ad
980 1057 1079 1117 Amos
1100 1075 1179 1137 pro-

233 1143 367 1224 phetam
395 1145 500 1208 nullas
527 1143 642 1224 edidit,
678 1150 788 1208 tamen
821 1145 941 1207 librum
970 1145 1081 1221 amici,
1120 1149 1181 1208 cui

233 1233 433 1297 inscribitur:
479 1235 528 1311 ,In
566 1233 758 1317 prophetam
795 1235 896 1296 Amos
940 1233 1009 1295 Ioh.
1047 1233 1180 1298 Brentii

234 1322 401 1402 expositio,
415 1323 547 1386 Witteb.
563 1323 659 1386 1530.
671 1323 707 1385 in
723 1324 784 1386 80.‘
798 1322 996 1405 praefatione
1007 1323 1178 1387 omavisse

234 1410 298 1471 suh
317 1410 425 1474 tiano:
458 1411 638 1488 „Praefatio
667 1412 706 1473 D,
730 1411 862 1474 Martini
884 1410 1017 1474 Lutheri
1042 1412 1078 1473 in
1098 1413 1177 1474 Ich.

233 1496 356 1561 Brentii
383 1499 618 1582 expositionem
645 1501 682 1562 in
710 1499 902 1582 prophetam
932 1501 1063 1562 Amos.“
1115 1501 1177 1563 Le
1245 1519 1252 1533 ’

234 1586 319 1666 gitur
362 1588 397 1650 in
441 1593 528 1651 tomo
563 1589 635 1650 VH.
687 1609 821 1670 operum
870 1589 1045 1652 latinorum
1089 1590 1176 1652 varii

233 1677 414 1756 argumenti
453 1677 494 1740 ad
532 1676 769 1740 reformationis
805 1677 975 1740 historiam
1008 1677 1177 1759 imprimis

232 1766 465 1846 pertinentium
503 1772 630 1829 nostrae
669 1765 864 1830 collectionis
896 1787 928 1848 p.
958 1766 1023 1828 512
1056 1767 1178 1831 collata

233 1873 308 1916 cum
342 1854 484 1919 editione
517 1855 725 1936 epistolarum
759 1855 892 1918 Lutheri
915 1851 966 1917 'de
997 1851 1175 1933 Wettiana,

232 1948 309 2006 tom.
334 1943 390 2006 IV.
423 1965 454 2024 p.
487 1945 560 2007 148.
612 1943 839 2006 Germanicam
866 1944 1048 2008 versionem
1075 1944 1175 2007 habe·

232 2050 306 2094 mus
340 2031 375 2094 in
409 2032 604 2096 collectionis
637 2032 823 2094 Islebiensis
856 2039 945 2096 tomo
971 2033 1013 2095 Π.
1049 2053 1081 2114 p.
1113 2032 1174 2107 17;

232 2119 498 2200 Altenburgensis
526 2127 614 2185 tomo
637 2121 677 2182 V.
701 2141 734 2202 p.
759 2118 838 2194 2753
877 2121 1053 2203 Lipsiensis
1083 2128 1175 2186 tomo

233 2207 307 2272 ΧΠ.
331 2230 363 2290 p.
389 2209 445 2284 83,
480 2209 631 2273 Halensis
658 2215 746 2272 tomo
769 2209 858 2272 XIV.
886 2232 919 2292 p.
946 2211 1019 2274 189.
1065 2210 1175 2284 Quam

233 2296 480 2377 praefationem,
512 2317 613 2378 quum
644 2299 679 2360 in
709 2305 836 2362 nostrae
867 2299 1064 2364 collectionis
1087 2319 1171 2362 com·

232 2385 365 2464 plexum
410 2385 477 2446 iam
522 2383 565 2449 sit
608 2391 754 2468 recepta,
807 2394 949 2468 repetere
995 2388 1170 2467 noluimus,

231 2473 380 2550 quamvis
414 2473 456 2535 ad
489 2474 577 2536 hunc
611 2474 774 2555 imprimis
806 2477 914 2559 locum
947 2475 1118 2558 pertineat
1141 2484 1174 2542 et

231 2579 298 2622 una
327 2579 402 2623 cum
430 2561 534 2648 ipsius
564 2563 722 2642 magistri-
739 2565 969 2628 commentario
996 2567 1032 2627 in
1055 2586 1170 2648 corpus

232 2655 383 2730 congesta
404 2650 632 2715 absolutiorem
647 2672 811 2715 summam
832 2659 930 2734 atque
944 2655 1167 2735 perfectiorem

231 2739 464 2804 sententiarum
475 2739 1170 2824 Lutheridehocprophetanobispraebeat
1255 2820 1259 2828 Ι

321 2829 369 2890 Ea
399 2848 481 2909 quae
510 2828 546 2891 in
574 2835 728 2909 sequente
757 2832 988 2895 commentario
1011 2833 1170 2895 asteriscis

231 2916 384 2980 denotata
405 2922 483 2980 sunt
505 2916 768 2982 adnotationibus
791 2920 934 3000 parvulis
962 2921 998 2983 in
1020 2921 1170 3000 margini·
1266 2915 1268 2988 ἐ

230 3005 291 3067 bus
330 3004 450 3069 codicis
488 3006 754 3086 Altenburgensis
792 3007 896 3072 obviis
933 3009 1117 3072 inserviunt
1150 3029 1170 3072 a
1261 2997 1268 3068 .³

231 3093 323 3156 nobis
352 3093 441 3157 haud
472 3094 672 3176 negligendis
701 3094 757 3158 sed
786 3113 845 3158 suc
877 3097 947 3160 loco
981 3097 1167 3171 reddendis
1267 3087 1268 3171 Ῐ

230 3200 373 3261 eaquae
396 3183 563 3246 cruciculis
587 3184 761 3265 conspicua
782 3190 940 3267 apparent
967 3191 1065 3248 notae
1095 3189 1169 3249 sunt
1267 3184 1268 3192 ’

230 3269 421 3349 marginales
444 3271 485 3333 ab
509 3271 685 3336 editoribus
708 3272 934 3338 collectionum
955 3280 989 3337 et
1010 3275 1166 3339 Vuittem-

229 3357 393 3438 bergensis
417 3365 450 3422 et
472 3360 618 3424 Ienensis
641 3362 806 3425 contextui
829 3361 968 3426 additae.
1000 3381 1003 3385 ⁴

551 3501 723 3566 Ioannes
749 3503 894 3580 Linke,
919 3503 972 3566 SS.
998 3505 1057 3567 Th.
1082 3505 1119 3566 D.
