2584 4267
240 261 305 327 374
587 264 826 344 Prolegomena.

237 443 286 506 vis
309 449 342 504 et
364 443 495 505 affectus
518 447 625 504 tantas
640 440 768 503 Erasmi
783 439 984 520 aliorumque
1000 439 1184 503 calumnias

239 530 438 613 provocavit,
473 537 510 593 ut
543 530 613 611 ipse
642 529 679 592 in
713 528 849 611 epistola
882 528 925 591 ad
960 546 1070 610 regem
1106 527 1185 592 data

238 619 454 701 profiteretur:
501 619 645 701 Expecto
682 616 925 700 lapidationem.
987 617 1185 700 Expectavit
1273 646 1274 705 3

238 709 372 772 omuino
399 707 548 790 quotidie
573 713 712 772 mortem
734 706 795 769 sub
818 707 911 770 omni
936 705 1043 789 specie
1065 706 1182 770 immi·
1273 716 1274 774 3

238 803 370 861 nentem
392 803 425 862 et
446 797 598 861 meritum
620 795 774 860 haeretici
800 795 1013 878 supplicium,
1044 795 1184 878 perinde
1271 788 1274 870 ἶ

174 893 177 902 “
239 905 276 950 ac
304 887 340 950 in
367 886 502 970 epistola
530 885 715 950 confirmat:
747 885 847 967 Spero
878 884 966 966 quod
996 904 1064 948 non
1094 883 1183 948 sinat
1273 956 1274 963 ἵ

238 974 318 1038 deus
345 995 399 1039 me
422 974 479 1038 diu
501 975 615 1039 vivere.
662 974 744 1038 Inde
765 994 786 1036 a
806 975 872 1037 fine
898 974 1021 1038 mensis
1043 973 1182 1038 Novem·
1273 976 1274 1034 l

238 1064 314 1141 bris,
338 1064 373 1128 id
396 1064 483 1145 quod
506 1070 555 1128 est
577 1083 704 1128 cernere
726 1084 768 1126 ex
789 1062 928 1145 epistola
946 1062 978 1126 d.
995 1062 1102 1126 XXV.
1119 1062 1182 1126 No·

238 1153 378 1217 vembris
400 1152 491 1230 data,
515 1152 556 1216 de
579 1152 784 1218 cunctatione
806 1157 840 1217 et
861 1151 1122 1216 dissimulatione
1145 1152 1184 1214 in
1272 1157 1274 1206 i

238 1242 321 1319 aula,
345 1241 386 1305 de
408 1242 572 1322 religionis
594 1242 725 1322 negotio
747 1241 893 1322 querelas
915 1260 990 1304 suas
1013 1239 1056 1304 ad
1077 1240 1185 1304 finem
1273 1241 1274 1307 i

239 1349 342 1411 usque
364 1331 442 1394 anni
465 1330 667 1396 continuavit
687 1328 877 1412 indignatus
891 1330 977 1393 inter
992 1329 1064 1405 alia,
1089 1329 1184 1410 quod

239 1419 408 1500 parochiae
423 1418 668 1499 negligerentur,
685 1439 761 1483 cum
776 1418 898 1483 scilicet
912 1418 1057 1499 quidam,
1077 1438 1183 1500 penes
1273 1495 1274 1506 χ

239 1525 320 1586 quos
347 1506 398 1569 ius
415 1513 616 1589 ,patronatus
646 1514 730 1586 erat,
762 1528 829 1571 non
857 1512 1100 1590 praesentarent
1122 1509 1185 1588 qui
1273 1576 1274 1595 χ

239 1595 359 1677 populo
393 1596 610 1676 evangelicam
643 1596 825 1661 docuinam
857 1595 1070 1660 desideranti
1088 1596 1182 1660 satia·
1272 1598 1274 1675 l

239 1683 389 1761 facerent,
415 1685 565 1765 quodque
588 1686 696 1768 plures
718 1685 889 1767 parochiae
910 1686 970 1748 uni
984 1704 1044 1748 nec
1059 1684 1182 1749 idoneo
1273 1684 1274 1716 z

240 1773 529 1852 committerentur,
560 1773 637 1838 dein
660 1774 748 1856 quod
771 1774 891 1839 alicubi
912 1773 1096 1857 pastoribus
1126 1774 1183 1837 ali·

239 1868 349 1926 menta
375 1863 639 1928 subtraherentur
666 1869 810 1927 cessante
837 1869 895 1927 aut
920 1863 1116 1927 connivente
1140 1857 1184 1927 ad
1272 1854 1274 1898 ⁴

238 1950 302 2014 ista
323 1952 477 2034 principe.
518 1953 665 2027 Quantae
687 1953 896 2016 offensiones!
932 1957 1074 2033 quantae
1096 1950 1183 2014 solli·

239 2039 410 2104 citudinesl
448 2047 588 2121 quantae
610 2044 720 2106 curae!
757 2040 872 2122 quanti
893 2039 1032 2104 labores!
1064 2040 1185 2120 quanti
1273 2076 1274 2133 3

239 2127 363 2192 dolores
398 2149 435 2192 ac
468 2131 631 2194 miseriae}
679 2130 759 2193 Nae!
806 2129 959 2194 omnibus
995 2128 1048 2193 his
1082 2129 1184 2192 rebus
1273 2140 1274 2176 l

239 2236 316 2279 sane
343 2217 536 2282 tristissimis
563 2221 667 2282 animi
696 2220 894 2300 aequitatem
915 2217 1184 2301 perturbantibus
1273 2248 1274 2281 z

239 2325 276 2367 ac
298 2307 490 2371 vexantibus
505 2308 666 2372 Lutherus
688 2328 756 2371 non
775 2294 1028 2390 potuit'aggredi
1043 2324 1186 2370 munera

240 2392 423 2458 academica
445 2414 602 2475 perquam
625 2396 818 2476 gratissima.
1228 2395 1232 2400 ’

328 2481 439 2550 Mense
451 2482 584 2545 demum
595 2484 765 2548 Decembri
778 2504 923 2549 reversus
933 2490 983 2548 est
994 2484 1037 2548 ad
1047 2504 1184 2565 pergen·

241 2567 318 2632 dam
329 2570 578 2652 praelectionem
589 2571 806 2656 adprophetas
817 2573 959 2637 minores
966 2579 1183 2654 spectantem.

329 2661 429 2723 Amos
464 2661 657 2743 prophetam
691 2669 838 2727 nostrum
874 2668 1010 2726 tractare
1047 2662 1184 2743 incepit,

240 2748 328 2828 quod
351 2768 368 2810 e
392 2748 500 2812 codice
522 2750 773 2832 Altenburgensi
795 2751 958 2833 probatur,
986 2770 1100 2813 mense
1123 2751 1185 2814 De

238 2837 359 2901 zembri
388 2838 574 2916 MDXXIV,
609 2839 697 2903 finiit
724 2840 822 2922 paulo
855 2846 931 2921 post
956 2839 1035 2902 Idus
1065 2839 1184 2903 Ianua·

238 2927 302 2990 rias
324 2927 493 2990 MDXXV.
530 2927 666 2992 Necesse
687 2929 761 3004 fuit,
781 2927 822 2990 de
843 2929 939 2991 rebus
960 2927 1058 2991 modo
1074 2928 1185 2992 citatis
1273 2967 1274 2988 t

239 3015 416 3099 copiosius
432 3015 595 3094 disserere,
627 3018 705 3096 quia
731 3017 877 3097 alioquin
900 3017 1045 3097 neglecto
1069 3036 1185 3080 earum
1272 2990 1274 3019 Α

238 3109 386 3184 respectu
408 3124 474 3167 non
497 3105 574 3168 satis
597 3105 862 3186 intelligeremus
877 3105 1046 3187 proprium
1069 3125 1108 3168 ac
1129 3125 1183 3169 nc·

237 3210 316 3254 vum
339 3191 600 3272 explicationem,
624 3193 897 3270 adhortationum,
920 3193 1185 3269 stimulationum

238 3298 339 3358 genus
354 3281 487 3344 Lutheri
502 3283 538 3344 in
553 3283 720 3347 tractando
734 3283 797 3346 hoc
811 3283 970 3364 propheta
984 3281 1182 3344 adhibitum.

238 3367 367 3449 Speculi
395 3369 497 3433 instar
524 3371 623 3434 totius
646 3371 800 3454 temporis
823 3371 903 3434 haec
926 3377 975 3435 est
996 3371 1157 3452 praelecti«

326 3458 398 3538 Iam
426 3458 661 3522 transeundum
689 3460 782 3524 nobis
810 3466 859 3524 est
888 3459 930 3523 ad
964 3459 1157 3541 perlustrati·

238 3564 314 3608 nem
352 3549 453 3610 nostri
491 3549 715 3634 commentarii
760 3568 859 3630 quem
903 3548 1047 3630 primum
1094 3551 1165 3629 typi

239 3635 485 3699 exscribendum
515 3637 708 3701 curavimus.
755 3637 950 3702 Contoxtum
963 3635 1165 3707 ,reddidimu

238 3724 416 3788 secundum
454 3723 597 3789 codicem
635 3726 926 3806 Altcnburgensem
964 3745 1007 3787 ex
1051 3723 1163 3788 schedi
