2584 4267
219 309 293 382 ,466
549 309 660 392 Caput
681 316 830 375 octavum

228 486 324 550 statio
358 506 455 568 super
487 486 646 568 populum
679 506 790 549 meum
823 487 946 564 vcniet,
983 493 1016 551 et
1049 487 1176 551 defluet

107 613 108 617 =
227 575 310 638 sieut
343 574 462 640 fluvius
493 576 642 657 Aegypti,
678 575 713 639 id
747 581 812 640 est:
847 569 1089 640 absorbebitur¹
1129 578 1174 640 ab

226 664 359 744 Assyrio
388 664 424 726 in
453 683 551 744 quem
580 665 735 744 migrabit
762 665 984 730 absorbendus
1007 673 1041 730 et
1063 665 1173 746 deglu-

226 752 369 829 tiendus,
405 753 489 816 sicut
522 752 640 817 fluvius
674 754 826 836 Aegypti.
848 756 885 818 in
913 775 1002 818 mare
1030 756 1173 817 refluens
1285 767 1286 809 1

226 841 422 904 absorbetur.

393 985 395 990 ’
482 983 613 1047 Occidet
635 984 684 1048 sol
706 984 742 1047 in
764 985 908 1048 meridie.

315 1088 362 1150 Hi
395 1097 472 1154 sunt
505 1091 731 1171 Hebraismi‚†
764 1093 848 1155 sicut
880 1097 914 1154 et
931 1110 1045 1172 ⁹supra
1079 1088 1171 1163 dixi;

226 1196 395 1260 nunquam
418 1179 506 1242 enim
527 1180 645 1260 legitur
668 1178 703 1242 id
725 1180 863 1256 factum,
887 1185 925 1242 ut
947 1175 995 1241 sol
1016 1179 1053 1240 in
1076 1179 1171 1240 meri·

226 1265 279 1329 die
302 1262 482 1331 occiderit²
532 1269 743 1348 Tenebraeiss
761 1268 944 1348 significant
958 1266 1173 1329 adversitates

139 1402 146 1412 .
226 1361 258 1417 et
295 1376 402 1418 rerum
440 1356 604 1422 infelicem
642 1377 841 1432 successum,
884 1358 942 1418 lux
979 1354 1170 1417 felicitatem

226 1437 386 1522 significat
413 1451 446 1506 et
473 1446 559 1508 bona
589 1452 752 1528 tempora,
784 1444 860 1508 inde
889 1444 1043 1508 serenitas
1072 1444 1170 1508 faciei

150 1547 153 1550 ·
224 1531 381 1595 laetitiam
396 1533 565 1612 significat,
591 1535 675 1597 sicut
690 1540 739 1597 est
753 1535 878 1615 psalmo
895 1532 1015 1613 37ffi:
1040 1533 1171 1601 Lumen
1227 1591 1236 1611 ,

226 1620 391 1683 oculorum
413 1642 560 1688 meorum
582 1643 650 1686 non
678 1629 728 1686 est
755 1642 893 1706 mecmn.
939 1623 1055 1702 Itaque
1085 1621 1172 1684 sicut

225 1728 323 1790 supra
345 1729 414 1792 cap.
431 1711 471 1774 V.
488 1711 612 1792 inquit:
638 1712 696 1792 qui
712 1711 869 1777 convertit
883 1710 972 1775 diem
986 1712 1022 1773 in
1037 1716 1170 1773 noctem

225 1794 422 1875 *obscuram
452 1799 499 1864 ita
522 1801 577 1863 hic
599 1820 728 1882 quoque
757 1800 838 1864 dicit
860 1801 1040 1864 occisurum
1063 1792 1164 1860 dicit⁸

225 1886 325 1949 solem
347 1888 384 1950 in
404 1888 513 1952 medio
529 1890 678 1970 (11111111
700 1890 749 1971 (id
765 1887 956 1969 quodvccat
970 1887 1058 1950 diem
1073 1886 1170 1949 lumi-
1282 1916 1286 1941 1

225 1973 289 2054 nis)
320 1977 451 2056 quando
481 1978 623 2041 maxime
653 1980 701 2042 sol
723 1977 916 2058 conspicuus
931 1981 981 2040 est
995 1981 1028 2038 et
1050 1974 1170 2052 clarus,

223 2065 286 2127 hoc
309 2071 366 2142 est,
391 2066 522 2146 quando
546 2087 684 2133 summe.
698 2065 826 2129 florebit
852 2085 1004 2145 regnum,
1034 2065 1171 2145 quando
1284 2102 1286 2129 1

224 2153 369 2216 maxima
391 2154 452 2217 erit
475 2156 643 2231 securitas,
668 2161 739 2217 tum
762 2173 874 2217 omnes
897 2153 1057 2235 peribitis,
1083 2153 1170 2215 nihil
1285 2156 1286 2238 1

224 2241 287 2304 tale
322 2243 532 2324 suspicantes.
579 2243 750 2306 Tollemini
783 2243 820 2305 in
853 2242 966 2318 altum,
1001 2248 1039 2305 ut
1071 2243 1171 2322 lapsu

224 2330 367 2408 graviore
390 2333 506 2408 ruatis,
538 2331 573 2394 id
600 2332 687 2412 quod
718 2333 785 2412 agit
811 2330 891 2394 deus
906 2351 991 2399 ¹cum
1012 2330 1172 2399 omnibus

224 2418 343 2498 impiis.
390 2419 433 2481 ut
455 2438 530 2481 cum
556 2420 639 2483 nihil
672 2421 782 2484 minus
816 2420 961 2496 credunt,
997 2438 1099 2499 quam
1134 2439 1170 2482 se

223 2505 382 2585 perituros
416 2526 502 2583 esse,
538 2512 610 2570 tum
636 2509 747 2573 visitat
774 2529 827 2573 eos
851 2508 1018 2584 dominus,
1051 2515 1085 2575 et
1107 2523 1169 2571 suc

222 2592 343 2657 iudicio
366 2595 469 2676 perire
493 2595 580 2659 facit.
625 2600 734 2678 Atque
755 2599 817 2662 hcc
840 2604 908 2686 est,
934 2596 1023 2678 quod
1045 2596 1171 2660 Paulus

223 2683 269 2746 ait
279 2683 621 2766 1.Thessal.V.†††l†:
636 2686 718 2749 Cum
730 2687 872 2749 dixerint
883 2705 949 2769 pax
956 2679 988 2749 e't
999 2686 1168 2762 securitas,

223 2778 301 2836 tunc
329 2772 517 2855 repentinus
547 2774 593 2838 eis
622 2776 826 2856 superveniet
847 2775 1006 2838 interitus.
1052 2775 1168 2852 Hiera

223 2875 342 2941 nymus
364 2863 516 2926 transfert
543 2863 606 2926 hoc
633 2864 676 2928 ad
698 2870 828 2947 tempus
850 2864 1010 2947 passionis
1033 2860 1167 2939 Christi,

312 3037 337 3103 ⁸)
355 3037 463 3105 Incipit
480 3053 508 3105 p.
528 3037 650 3090 LXXX.
669 3037 763 3092 MSOi.

313 3197 339 3264 1)
358 3198 450 3253 deest:
470 3197 671 3252 absorbebitur
684 3228 717 3236 —
730 3198 908 3253 absorbetur.
933 3200 1064 3266 Legitur:
1085 3199 1168 3254 Sicut

99 3295 101 3300 ·
222 3261 304 3321 Nilus
323 3267 487 3324 immaniter
512 3269 656 3338 exundat,
679 3269 722 3322 ita
746 3270 829 3336 quasi
852 3270 993 3325 diluvium
1011 3285 1167 3338 euperpa

221 3339 323 3404 pulum
353 3339 430 3394 hunc
460 3340 611 3409 inducam,
642 3342 676 3393 ut
706 3340 886 3407 dissipentur
916 3341 947 3393 in
977 3344 1078 3407 gentes
1108 3346 1166 3394 etc.

221 3408 248 3475 2)
267 3408 406 3464 Additur:
433 3428 521 3479 quare
539 3409 736 3479 metaphorice
753 3410 943 3476 intelligenda
960 3414 1037 3465 sunt.
1075 3411 1153 3465 Tene

221 3479 290 3534 brae
308 3480 387 3534 enim
406 3497 467 3550 sqq.
505 3481 531 3550 3)
551 3483 644 3537 deest:
664 3481 743 3536 dicit.

306 3641 333 3710 1)
343 3641 461 3696 Subitus
471 3645 501 3696 et
509 3629 653 3696 violentus
662 3640 837 3709 praedicitur
846 3640 989 3725 interitus.
1006 3641 1043 3708 11)
1055 3639 1145 3696 Vuitt

221 3709 459 3849 dddeebrssghiuf'
473 3713 672 3838 thggquahn
691 3711 735 3766 37.
772 3715 835 3780 1111)
853 3711 975 3784 Meridie
988 3711 1080 3804 solem
1093 3728 1145 3767 occ
