2584 4267
268 1303 600 1384 INSIGNIORES
628 1303 954 1382 SENTENTIAE
986 1305 1059 1382 EX
1089 1303 1196 1384 OON·

512 1410 754 1489 OIONIBUS
783 1411 965 1491 IOELIS.

729 1733 754 1797 Ι.

467 1858 520 1922 De
548 1858 826 1941 poenitentia,
857 1859 953 1922 loel.
986 1858 1019 1920 2,
1136 1835 1138 1838 ⁵

354 1983 468 2047 *Etiam
490 1983 558 2046 iam
580 2001 668 2045 nuno
690 1981 769 2046 dicit
791 1982 958 2060 dominus,
985 1981 1195 2047 convertimini
1253 2041 1254 2052 ,

268 2091 371 2152 usque
394 2073 436 2134 ad
458 2072 570 2135 mein
591 2078 660 2136 toto
683 2071 777 2134 corde
799 2079 920 2148 vestro,
952 2071 988 2134 in
1010 2071 1126 2134 ieiunio
1134 2095 1146 2148 ‚·
1169 2076 1197 2132 et

268 2161 304 2223 in
326 2161 405 2224 fletu
428 2163 518 2224 etin
544 2162 651 2238 luctu,
683 2155 881 2225 et‘scindit'e
910 2179 964 2224 cor
989 2167 1140 2236 vestrum,
1168 2164 1196 2221 et
1252 2168 1254 2228 j

270 2270 336 2312 non
364 2251 558 2314 vestimenta
579 2257 699 2326 vestra,
730 2256 762 2314 et
791 2249 1020 2315 convertimini
1044 2247 1194 2313 addeum
1252 2269 1254 2330 ὲ

266 2345 421 2414 vestrum,
445 2339 600 2418 quoniam
623 2339 763 2401 clemens
787 2345 819 2402 et
841 2339 1020 2402 misericors
1040 2339 1118 2422 ipse,
1139 2339 1195 2399 lon·
1252 2351 1254 2404 Ι

268 2426 408 2505 ganimis
437 2431 470 2488 et
490 2426 632 2488 multum
654 2425 815 2505 benficus,
846 2435 878 2491 et
906 2427 1086 2509 poenitebit
1112 2445 1197 2508 super
1253 2477 1254 2480 ,

267 2515 376 2576 malo(
424 2515 512 2576 Hinc
552 2514 770 2595 poenitentiae
816 2516 1037 2581 definitionem
1083 2533 1195 2579 sumere

267 2603 421 2666 deberent
443 2603 613 2685 Sophistae
634 2605 866 2684 lovanienses,
897 2611 929 2668 et
952 2605 1194 2669 conciliabulum

267 2691 510 2769 Tridentinum,
568 2699 819 2758 annumerantes
876 2695 917 2756 ad
974 2694 1194 2776 poenitentiam
1252 2729 1254 2734 ,

267 2781 479 2846 auriorflarem
532 2782 788 2860 confessionem,
850 2789 884 2848 et
943 2783 1194 2847 s‘atisfactionem.
1252 2771 1254 2830 ἶ

267 2872 371 2936 Debet
403 2871 636 2954 poenitentiam
671 2871 763 2954 sequi
797 2871 980 2946 emendatio
1014 2873 1115 2948 vitae,
1148 2868 1195 2934 sed

266 2960 430 3042 quomodo
480 2961 665 3042 probabunt
717 2980 789 3023 eam
835 2981 904 3025 esse
955 2959 1196 3024 satisfactionem
1252 2989 1254 3004 2

266 3070 325 3130 pro
370 3051 524 3132 peccatis,
572 3056 605 3113 et
649 3050 764 3112 mereri
804 3050 1027 3114 remissionem
1065 3054 1195 3132 peccato·

266 3139 362 3200 rum?
417 3139 592 3201 Affirmant
628 3157 758 3219 quoque
792 3138 891 3202 fidem
924 3159 992 3202 non
1025 3151 1100 3202 esse
1128 3137 1196 3202 fidu·
1253 3155 1254 3166 ¹

267 3225 360 3288 ciam.
407 3225 470 3289 Sed
492 3247 549 3290 cur
570 3227 762 3309 proponitur
790 3227 870 3291 deus
900 3227 1055 3305 clemens,
1087 3225 1196 3291 miseri·
1252 3269 1254 3278 ε

266 3333 337 3378 cors
359 3316 444 3378 eta?
478 3335 586 3380 nonne
608 3322 646 3379 ut
668 3316 807 3380 fidamus
829 3317 865 3380 in
888 3317 991 3398 ipsius
1015 3315 1197 3380 clementis?

265 3403 508 3467 misericordia?
538 3410 597 3470 etc.
658 3404 721 3467 Sed
756 3406 801 3470 sio
835 3404 955 3470 debent
988 3405 1139 3470 coecitate
1194 3442 1197 3460 ›

267 3492 410 3556 amentia
442 3494 581 3575 percuti,
621 3492 679 3574 qui
712 3495 826 3558 volunt
858 3514 927 3558 esse
960 3495 1137 3575 religionis,
1194 3537 1196 3548 ,
1225 3495 1254 3581 ‚j

266 3601 430 3645 sacrarum
459 3582 625 3646 literarum
653 3582 814 3660 doctores,
850 3590 883 3647 et
915 3589 1027 3648 tamen
1055 3603 1097 3646 ex
1122 3601 1150 3646 ce
1250 3585 1254 3642 ἰ

266 3670 430 3754 proposito
453 3671 542 3734 aliud
564 3671 647 3733 nihil
663 3678 772 3752 agunt,
797 3690 897 3752 quam
916 3678 955 3736 ut
968 3692 1079 3739 veram
1094 3671 1142 3735 do<
1252 3711 1254 3776 ἶ

266 3779 344 3822 nam
366 3760 561 3843 opprimant.

1249 3649 1254 3704 t

1250 3851 1254 3886 t

1252 3889 1254 3908 ι
