2584 4267
488 337 588 402 Joelis
611 339 795 421 prophetae.
1010 358 1015 379 ’
1049 342 1111 406 195

51 568 56 577 .
166 519 292 581 licebat
306 517 379 580 aliis
394 516 510 579 diebus
524 535 646 579 vacare.
681 516 762 580 Inde
778 517 970 581 translatum
986 487 1113 599 quoque

43 594 67 689 ‚⁸
167 606 368 671 vocabulum
384 612 433 669 est
447 605 546 668 etiam
561 604 603 666 ad
616 624 668 668 res
679 606 767 668 alias.
796 600 1071 669 ¹Tahemaculum
1082 616 1114 671 et

167 705 225 759 res
240 695 439 758 tabernaculi
454 693 744 770 sanctificabantur,
761 694 823 757 hoc
839 700 896 772 est,
917 694 1113 777 deputaban-

167 789 229 848 tur
250 782 352 847 cultui
374 782 436 859 dei,
460 782 555 846 utin
577 782 645 845 solo
668 781 874 846 tabernaculo
894 792 1116 849 exercerentur

168 873 280 937 cultus
308 877 342 936 et
363 891 441 936 vasa
468 870 526 940 illa
553 870 595 946 ad
625 871 704 934 ahos
734 871 919 952 prophanus
947 892 1026 937 usus
1049 894 1116 937 non

168 961 413 1024 adhiberentur.
465 960 509 1023 Et
541 962 570 1022 1.
593 959 694 1022 Paral.
720 953 792 1022 20!
824 961 968 1024 thesauri
1001 963 1119 1026 sancti.

170 1049 262 1113 ficati
295 1054 460 1125 vocantur,
494 1048 553 1128 qui
586 1068 653 1111 non
687 1045 751 1111 nisi
785 1048 826 1112 ad
859 1050 989 1132 templi,
1028 1051 1116 1133 quod

168 1144 325 1202 sanctum
347 1143 429 1214 erat,
453 1156 532 1200 usus
554 1131 818 1201 conferebantur³
866 1139 919 1201 Ad
939 1139 1029 1202 hunc
1050 1159 1115 1203 mo·

170 1227 257 1290 dum
293 1225 438 1306 intelligo
476 1225 670 1289 sanctificari
714 1221 909 1309 populum,⁴
957 1227 1020 1290 hoc
1057 1234 1114 1304 est,

170 1315 307 1398 publico
344 1315 449 1380 edicto
493 1313 676 1392 admoneri,
722 1322 760 1379 ut
803 1315 913 1378 omnia
949 1316 1118 1398 prophana

172 1404 307 1484 negotia
339 1410 374 1467 et
406 1422 519 1486 operas
551 1403 745 1467 intermittat
777 1423 815 1468 ac
840 1409 932 1470 vacet
957 1404 1054 1468 verbo
1085 1411 1117 1469 et

171 1493 326 1556 orationi.
371 1492 423 1555 Ad
456 1493 543 1556 hanc
575 1492 860 1557 sanctificationem
893 1493 976 1560 bene
1007 1509 1116 1558 conue-

171 1583 289 1658 niunt,
318 1581 517 1645 continentia
538 1587 577 1644 et,
593 1580 761 1658 sobrietas,
793 1601 850 1645 seu
876 1582 1035 1645 ieiunium
1057 1588 1115 1647 eto.

268 1669 390 1732 Senum
415 1668 618 1751 peculiariter
639 1669 789 1732 meminit
815 1677 853 1734 ut
875 1677 1116 1752 congregentur.

170 1758 226 1822 Hi
254 1759 343 1820 enim
371 1758 519 1840 exemplo
548 1776 607 1820 suo
641 1757 720 1820 alios
746 1758 881 1822 invitare
909 1759 1043 1836 debent,
1076 1778 1118 1822 ne

172 1845 310 1930 publica
332 1866 422 1910 sacra
443 1846 616 1926 negligant.
656 1838 737 1908 ⁵Sed
759 1863 816 1909 cur
831 1846 975 1910 adhunc
990 1852 1131 1926 coetum·

172 1936 279 2000 etiam
299 1935 455 2013 infantes,
487 1935 544 2016 qui
571 1935 622 1997 lac
653 1940 786 2016 sugunt,
816 1933 886 1998 vult
915 1935 1023 1998 afferri
1043 1955 1118 1998 oum

172 2033 290 2089 tamen
326 2044 459 2089 sensum
495 2022 698 2105 publicarum
735 2023 955 2088 calamitatum
991 2023 1118 2087 nullum

172 2114 323 2178 habeant
344 2133 405 2178 nec
425 2113 616 2194 intelligant,
639 2112 720 2194 quid
741 2112 778 2176 in
799 2114 862 2176 hoc
876 2118 968 2177 coetu
984 2114 1117 2194 agatur?

173 2202 386 2284 Respondeo:
417 2203 471 2266 Fit
497 2203 560 2266 hoc
587 2220 717 2283 quoque
739 2208 870 2284 propter
891 2201 970 2265 rude
992 2201 1116 2282 vulgus,

174 2298 220 2356 ut
247 2296 337 2356 tanto
364 2291 535 2355 honestior
568 2291 611 2354 sit
643 2296 754 2355 coetus
787 2297 820 2354 et
852 2291 925 2372 plus
954 2290 1118 2372 gravitatis

174 2379 309 2443 habeat.
347 2378 572 2443 Admonentur
587 2378 676 2442 enim
690 2379 832 2443 rudiores
848 2379 1005 2462 portitore
1022 2379 1119 2443 etiam

175 2468 226 2532 ad
245 2468 453 2532 innocentem
474 2473 613 2531 aetatem
635 2468 793 2549 pericula,
824 2487 907 2549 quae
935 2469 1118 2544 imminent,

175 2563 222 2620 ut
253 2563 345 2622 tanto
379 2557 499 2620 maiore
533 2555 641 2621 studio
679 2576 718 2619 ea
754 2556 964 2639 deprecentur
996 2561 1118 2622 omnes.

175 2645 351 2708 Movemur
388 2645 476 2708 enim
521 2645 708 2710 naturaliter
745 2645 921 2709 infantium
956 2647 1051 2710 malis
1089 2653 1122 2710 et

174 2735 331 2816 cupimus
353 2753 408 2798 cos
431 2734 557 2798 servari.
597 2735 764 2809 Quantum
784 2734 882 2814 igitur
904 2741 1039 2816 peccant
1060 2735 1120 2817 pri·

176 2842 275 2886 mum
303 2828 479 2906 parentes,
503 2822 620 2910 deinde
655 2822 712 2904 qui
741 2829 913 2904 parentum
938 2823 1007 2886 loco
1035 2829 1120 2899 sunt,

176 2918 419 2996 praeceptores,
455 2912 512 2992 qui
541 2912 609 2974 iam
637 2911 841 2975 confirmatos
871 2911 964 2974 annis
991 2910 1123 2974 iuvenes

177 3021 251 3064 non
272 3000 492 3064 assuefaciunt
513 2999 555 3064 ad
571 3002 682 3064 sacra?
715 3001 785 3064 Imo
808 3005 968 3080 quantum
989 3006 1124 3081 peccant

178 3089 330 3153 doctores
352 3089 571 3165 ecclesiarum,
602 3089 660 3169 qui
682 3095 738 3153 aut
760 3089 973 3170 negligentius
995 3088 1124 3170 publice

179 3197 276 3242 sacra
299 3184 454 3255 tractant,
486 3184 544 3242 aut
563 3177 667 3240 rarius
689 3177 735 3240 eis
761 3177 934 3256 intersunt,
966 3183 1123 3243 sectantes

94 3280 100 3286 ’
179 3267 341 3344 convivia,
366 3267 470 3330 aleam
492 3272 552 3331 etc.

274 3356 316 3419 In
337 3356 403 3418 fine
425 3356 537 3437 sponsi
559 3361 593 3418 et
618 3373 756 3437 sponsae
784 3356 948 3434 meminit,
980 3375 1017 3421 ac
1046 3356 1123 3434 vuit,

184 3450 226 3509 ut
252 3443 458 3525 egrediantur
486 3444 528 3508 de
556 3443 655 3519 cubili
684 3450 717 3509 et
744 3443 780 3508 in
808 3445 938 3526 publico
965 3446 1071 3522 luctu,
1107 3467 1127 3508 a

279 3670 307 3739 1)
327 3671 509 3726 Sanctificate
526 3670 752 3727 tabernaculum.
792 3670 821 3740 2)
839 3672 913 3726 Ien:
937 3671 961 3724 1.
980 3671 1063 3724 Para.
1081 3669 1124 3723 20.

196 3740 220 3809 l)
239 3741 421 3798 Sanctificare
437 3743 597 3798 thesauros.
625 3743 654 3812 4)
674 3743 854 3798 Sanctificate
866 3742 1012 3813 populum.
1041 3739 1126 3808 5)1n·

192 3812 287 3868 lantes
305 3813 412 3868 debent
428 3813 570 3870 interesse
587 3814 676 3870 sacris
695 3813 891 3872 conventibus.

291 3899 305 3936 b
917 3899 967 3954 13⁸
