2584 4267
437 280 535 345 Joelis
558 285 742 364 prophetae.
994 288 1057 350 213
1108 265 1109 268 ¹
1142 235 1251 287 i

124 465 225 566 iustos
246 429 349 523 faciet.
397 459 508 522 Talem
531 458 695 523 doctorem
710 460 824 526 Mosen
846 463 945 526 fuisse
961 483 1057 527 nemo

125 552 332 701 ὼοθῐιιΙ)οθθῖ
345 637 451 700 Μοεθε
473 638 634 718 praeclare
657 637 697 701 de
713 638 876 704 voluntate
891 641 952 719 dei,
977 643 1057 723 quid

125 749 150 790 e
170 728 254 791 nobis
277 724 386 806 exigat
407 725 497 801 deus,
521 726 602 805 quid·
623 726 810 790 faciendum
832 730 925 796 nobis
949 731 1004 807 sit,
1029 733 1056 794 si

124 817 255 879 velimus
277 814 332 877 dei
353 815 552 877 voluntatem
574 814 687 878 facere.
733 816 774 878 In
791 819 853 880 hoc
868 826 1056 898 argumento
1158 875 1159 878 ,

123 906 226 968 Μοεθε
255 923 323 966 non
351 896 451 966 hebet
478 902 628 965 similem.
675 903 739 966 Sed
772 905 851 984 quid
885 907 1057 988 respondet

124 995 257 1058 Ioannes
278 992 446 1073 Beptiste?
490 991 564 1054 Hoc
586 992 730 1056 scilicet?
775 993 842 1056 Lex
863 1015 921 1077 per
943 995 1056 1060 Mosen

122 1082 199 1145 deta
230 1087 291 1157 est,
330 1081 392 1144 hoc
422 1087 471 1144 est
499 1080 605 1160 Moses
639 1086 768 1144 tantum
803 1089 851 1146 est
884 1084 1054 1163 legislator,

124 1171 186 1234 hoc
206 1176 332 1234 tantum
353 1169 422 1249 agit
443 1174 481 1232 ut
502 1168 652 1233 ostendat
667 1169 747 1250 quid
762 1170 856 1233 nobis
871 1172 1056 1236 faciendum

122 1253 195 1322 sit.8
240 1258 303 1321 Sed
325 1258 455 1321 interim
477 1256 574 1320 corde
595 1277 653 1338 per
674 1263 843 1340 peccatum
872 1259 1054 1342 depravata,

121 1348 291 1411 abhorrent
312 1347 398 1410 hanc
424 1346 478 1409 dei
503 1347 719 1424 voluntatem,
749 1353 783 1411 et
810 1348 937 1412 malunt
965 1351 1057 1431 sequi

121 1456 195 1498 suas
217 1435 417 1517 cupiditates.
463 1436 512 1498 Ac
534 1435 562 1498 si
581 1435 638 1516 qui
654 1436 835 1518 gubernent
849 1439 910 1502 hos
925 1438 1055 1503 vitiosos

119 1531 225 1588 motus
247 1525 356 1605 aliquo
378 1523 489 1600 modo,
517 1523 555 1586 fit
575 1524 638 1587 hoc
660 1531 788 1589 tentum
811 1532 901 1590 metu
923 1546 1054 1608 poenae,

121 1634 187 1676 non
207 1633 280 1677 vero
309 1611 482 1676 obediendi
512 1611 633 1689 studio,
666 1620 722 1678 aut
750 1633 857 1678 amore
886 1615 947 1678 dei.
996 1616 1055 1680 Cor

119 1703 248 1766 interim
276 1701 439 1783 dependet
464 1707 570 1764 totum
599 1702 635 1764 in
665 1702 762 1764 eliam
791 1710 924 1784 partem.
973 1704 1056 1777 Quia

119 1798 227 1855 eutem
247 1792 302 1853 lex
324 1791 377 1853 dei
398 1790 533 1870 requirit
554 1810 608 1853 cor
629 1810 764 1872 purum,
795 1811 855 1854 nos
878 1799 986 1855 eutem
1014 1812 1055 1854 ne

118 1880 250 1960 quidem
278 1899 409 1955 manus,
444 1879 591 1959 linguam
619 1885 653 1942 θῖ
680 1879 743 1942 elia
770 1880 915 1943 membre
948 1899 1055 1962 regere
1098 1923 1100 1925 -

117 1987 303 2050 possumne,
331 1969 412 2048 quin
433 1986 530 2049 saepe
551 1973 664 2030 contre
685 1967 789 2048 legem
812 1967 865 2030 dei
891 1968 1053 2048 delinqua.
1115 1975 1116 1978 ¹

118 2078 200 2134 mus,
223 2057 301 2120 hinc
323 2057 369 2132 fit,
393 2062 431 2119 ut
452 2056 536 2119 siout
550 2056 669 2119 Paulus
691 2053 842 2136 loquitur,
863 2051 987 2121 ΜοεθεΒ
1013 2058 1056 2122 sit

117 2147 263 2210 minister
285 2145 397 2209 mortis
420 2151 453 2208 et
474 2146 527 2208 lex
549 2151 665 2226 augeat
687 2151 855 2226 peccatum
873 2152 906 2210 et
920 2146 1053 2212 occidat.

117 2234 152 2296 Si
173 2235 261 2296 enim
278 2235 332 2296 lex
347 2255 414 2296 non
433 2240 526 2310 esset,
550 2253 617 2296 non
639 2240 724 2298 esset
745 2240 922 2316 peccatum.
960 2235 1054 2298 Nunc

116 2343 192 2386 cum
206 2324 260 2386 lex
274 2324 380 2404 posita
395 2323 446 2398 sit,
463 2342 522 2386 nos
538 2328 647 2386 eutem
662 2324 832 2388 convincat
843 2343 896 2386 cor
907 2331 1054 2388 nostrum

116 2411 157 2474 de
177 2413 297 2476 violate
319 2413 398 2492 lege,
422 2411 502 2491 quid
525 2411 614 2474 eliud
635 2416 747 2489 restat,
772 2432 871 2493 quem
894 2419 931 2477 ut
954 2413 1054 2476 animi

117 2499 295 2578 turbentur,
319 2506 357 2563 ut
379 2506 546 2581 peccatum
562 2500 620 2562 fiet
633 2502 825 2565 excellenter
838 2508 1008 2584 peccatum
1022 2510 1055 2566 θῖ

116 2588 169 2650 lex
191 2610 250 2652 nos
273 2590 371 2652 morti
392 2589 545 2652 obiiciat?
589 2587 679 2653 Sicut
702 2591 789 2653 enim
812 2592 996 2672 syngrapha
1021 2597 1057 2654 ῖθ.

115 2679 278 2742 convincit
299 2677 410 2754 debiti,
433 2683 472 2740 ut
492 2674 528 2739 id
551 2697 667 2757 negare
690 2699 757 2742 non
779 2679 898 2760 possis:
928 2681 980 2742 Ita
1001 2679 1054 2742 lex

115 2786 187 2829 vere
221 2772 271 2830 est
304 2766 553 2848 chirographum
590 2771 702 2829 contra
738 2786 811 2842 nos,
851 2787 915 2846 quo
953 2767 1054 2830 animi

116 2855 350 2918 convincuntur
371 2854 495 2936 peccati
520 2861 554 2918 et
581 2859 813 2933 consequenter
840 2855 1054 2918 subiiciuntur

115 2943 227 3024 poenis
249 2944 320 3025 lege
343 2943 535 3006 constitutis.
581 2942 629 3005 De
652 2943 710 3006 toli
731 2942 858 3006 doctore
878 2943 1055 3023 gloriantur

57 3050 63 3067 ·
115 3031 227 3094 Iudaei
249 3052 326 3096 cum
348 3032 388 3094 de
410 3033 479 3112 lege
502 3038 536 3095 et
556 3031 646 3095 Mose
670 3031 857 3112 gloriantur,
890 3032 967 3112 quia
995 3051 1053 3096 ocu

57 3186 62 3195 ,
115 3120 206 3183 lictor
228 3127 262 3185 et
284 3121 427 3184 carnifex
442 3120 554 3202 arripit
568 3120 674 3182 furem
689 3126 722 3184 et
736 3120 914 3201 strangulat
928 3122 1051 3200 laqueo.

204 3209 248 3273 Iit
276 3216 387 3272 temen
414 3229 527 3275 verum
555 3209 617 3272 hoc
652 3215 714 3285 est,
749 3209 828 3289 legis
862 3209 1051 3287 doctrinam,

115 3297 343 3374 necessariam,
379 3304 524 3362 sanctem
552 3302 586 3361 et
613 3297 790 3378 perfectam
819 3318 897 3362 esse.
950 3299 1052 3362 Omne

166 3406 224 3448 em
246 3386 363 3450 vitium
390 3387 426 3448 in
456 3385 549 3449 nobis
578 3391 635 3449 θεῖ.
682 3386 741 3448 Per
771 3393 939 3467 peccatum
966 3389 1052 3451 enim

162 3480 264 3556 rupte
286 3476 451 3538 voluntate
474 3481 507 3537 et
527 3474 701 3550 intellectu,
726 3494 831 3556 neque
853 3475 960 3539 videre
983 3496 1052 3557 pos-

206 3676 233 3753 1‘)
252 3685 350 3741 Moses
375 3683 468 3752 qualis
494 3682 599 3739 doctor.
643 3683 672 3750 2)
691 3684 752 3739 Lex
775 3699 827 3753 per
849 3684 951 3737 Mosen
977 3680 1051 3735 data,

166 3772 217 3810 en.
235 3756 258 3809 Ι.
295 3754 324 3824 3)
344 3756 439 3810 Moses
457 3753 590 3811 minister
608 3755 718 3809 mortis.
