2584 4267
235 295 300 360 330
555 333 558 338 -
573 294 679 376 Caput
700 294 832 358 tertium

234 480 293 536 eto.
339 486 397 537 met
417 469 457 552 itt
479 469 534 538 mit
555 470 617 552 stoi
640 467 793 554 amptum,
823 468 909 538 ctae
937 468 975 553 itt
1006 471 1092 553 {cteta
1114 469 1168 559 [tit

233 555 340 646 thuan}
385 581 452 624 non
474 561 609 643 punitur
631 561 793 640 aequitas,
818 560 875 624 sed
897 560 1062 642 iniquitas.
1104 561 1166 645 iugc

233 658 290 734 tog,
313 648 433 732 ichemu,
457 649 594 729 quilibet
616 649 686 712 dies
709 655 742 712 ot
758 648 898 714 venandi
921 648 1001 728 dies,
1025 651 1166 715 sednon

233 738 392 821 capiendi.
448 733 685 802 Intentionem¹
726 739 858 820 respicit
893 739 1065 820 propheta,
1101 760 1168 802 non

233 848 325 910 opus,
348 827 438 892 rethe
453 829 586 908 ponitur
600 833 731 910 propter
747 833 924 910 capturam,
948 847 1006 892 rex
1019 829 1168 909 Assyrius

233 916 275 998 [al
301 917 407 993 rethe,
435 915 560 980 malum
589 922 649 980 etc.
681 914 753 999 ieta.
799 935 920 998 ponam
952 916 1104 999 lmuoum
1134 922 1169 980 st

233 1006 323 1068 rethe
353 1025 419 1068 non
446 1004 580 1082 frustra,
611 1005 665 1070 toa
695 1003 733 1086 id
763 1019 812 1088 acu
833 1004 918 1087 totta
938 1004 993 1086 tot
1016 1005 1092 1087 quia
1112 1025 1169 1072 vos

234 1094 310 1158 estis
332 1093 420 1156 mali.

582 1252 616 1316 Si
639 1247 818 1334 clanqut]²:

235 1381 333 1442 quam
356 1361 420 1424 cito
443 1360 531 1440 taam
554 1358 675 1441 initiet,
701 1358 737 1439 to
764 1357 799 1442 itt
827 1360 882 1426 tot
912 1358 982 1424 ootd
1012 1357 1075 1442 oatt
1095 1358 1169 1442 taut

234 1450 285 1512 vel
306 1447 404 1529 Ῐείιιδε.
447 1447 490 1525 Si,
514 1447 634 1511 idest:
659 1447 829 1530 numquid,
854 1447 975 1512 idest:
1000 1448 1166 1523 afflictum,
1237 1450 1240 1461 '

234 1558 254 1599 a
286 1537 411 1600 iustitia
443 1536 569 1598 domini
602 1538 722 1616 arguit,
762 1558 829 1600 non
862 1537 986 1600 debetis
1021 1556 1170 1600 excusare

234 1632 411 1707 peccatum,
435 1624 584 1688 immittit
604 1625 729 1688 malum
752 1632 882 1708 propter
904 1631 1074 1707 peccatum
1090 1618 1167 1688 etc³

233 1716 357 1778 maium
385 1713 537 1777 dominus
566 1733 692 1796 semper
715 1721 889 1796 antequam
911 1714 980 1791 fiet,
1009 1734 1069 1796 per
1099 1732 1170 1778 suos

166 1818 172 1831 ·
232 1802 418 1890 prophetas]
457 1802 629 1884 praedicit,
676 1803 806 1885 plagam
843 1823 969 1885 semper
1010 1803 1171 1884 praecedit

233 1893 383 1969 verbum,
414 1892 442 1955 si
470 1912 536 1955 non
564 1898 613 1956 est
634 1893 808 1973 propheta,
840 1898 911 1956 tum
941 1892 1011 1955 sino
1039 1893 1170 1956 authore
1238 1898 1243 1907 '

234 1988 319 2045 certo
341 1982 377 2044 in
400 1981 505 2060 vulgo.
543 1973 614 2044 ‘Sic
636 1980 761 2044 dictum
784 1981 903 2046 audivi.
938 1980 1020 2044 illud
1042 1987 1172 2062 tempus

233 2089 386 2150 magnam
423 2069 637 2134 mutationem
675 2089 782 2133 rerum
816 2069 940 2134 indicit.
985 2070 1037 2133 leo
1076 2070 1169 2150 rugit

234 2151 420 2222 Conclusio⁶
446 2159 600 2240 priorum,
623 2180 691 2222 non
713 2159 851 2223 cessabit
863 2160 914 2222 leo
929 2158 1045 2239 rugire.
1085 2159 1171 2222 Deus

233 2247 342 2324 iussit,
367 2247 593 2310 confirmatum
614 2249 686 2312 vult
707 2267 888 2312 sermonem
911 2267 1008 2312 suum
1031 2247 1170 2329 superio

233 2356 302 2399 rem
330 2355 388 2417 per
413 2335 477 2397 ista
506 2341 565 2399 etc.
597 2336 762 2417 praedicat
790 2344 901 2403 contra
929 2355 983 2400 eos
1010 2337 1069 2418 qui
1104 2353 1200 2418 sest¹

232 2424 493 2487 iustificaverant.

336 2579 495 2644 Auditum
518 2582 613 2646 facite
635 2583 672 2646 in
693 2579 862 2666 pallatiis.⁶
911 2585 1069 2662 Insanias,

233 2689 352 2771 copias,
375 2708 542 2753 mammon
557 2690 739 2771 iniquitatis
762 2713 793 2772 q.
810 2692 842 2755 d.
858 2691 974 2756 videtis
989 2711 1042 2754 eas
1059 2699 1173 2773 gentes

233 2798 315 2858 quae
338 2777 374 2842 in
395 2777 532 2842 circuitu
554 2785 640 2856 sunt,
665 2781 905 2861 congregamini
920 2780 962 2844 ad
977 2801 1035 2844 nos
1051 2801 1097 2846 au
1112 2802 1173 2845 nos

233 2867 335 2931 simus
358 2868 544 2931 conferendi
558 2869 660 2932 vobis.
695 2869 742 2932 sic
755 2863 836 2934 Isa⁷
856 2874 889 2932 et
903 2862 1011 2932 Hier.8
1031 2864 1169 2934 Emch.⁹

233 2955 372 3020 Sodoma
394 2962 453 3020 etc.
476 2958 579 3020 maior
601 2957 688 3020 facta
710 2964 759 3022 est
780 2963 840 3021 etc.
884 2958 938 3021 Ad
965 2955 1173 3038 pudefaoieu-

232 3043 312 3108 dum
339 3044 475 3108 Iudaeos
508 3052 673 3128 comparat
707 3053 816 3127 gentes
851 3047 972 3128 populo
1005 3046 1070 3110 dei.
1126 3048 1173 3114 ou

231 3144 293 3214 tots
316 3132 381 3213 ouri
404 3134 473 3215 stab,
496 3135 525 3198 si
546 3135 627 3199 vitia
648 3135 842 3200 conferenda
865 3142 941 3199 sunt
956 3155 1031 3198 cum
1046 3136 1172 3213 iureis,

232 3241 291 3284 nos
314 3223 438 3303 peiores
460 3228 519 3286 etc.

627 3369 634 3384 ·
661 3350 741 3412 Azot

230 3450 267 3511 in
289 3449 456 3531 palestina,
480 3452 538 3516 ubi
561 3461 637 3518 sunt
660 3460 780 3535 gentes.

322 3624 348 3693 1)
371 3642 397 3680 v.
416 3625 441 3680 5.
478 3625 507 3694 2)
530 3643 556 3680 v.
576 3626 600 3677 6.
642 3627 671 3695 3)
696 3646 723 3683 v.
744 3628 767 3681 7.
809 3628 838 3695 4)
864 3628 972 3698 Incipit
996 3630 1044 3684 fol.
1073 3630 1162 3685 3ὅ.Β

231 3693 325 3748 Msci.
362 3695 390 3762 ὁ)
409 3713 435 3751 v.
454 3695 479 3749 8.
511 3694 539 3763 6)
558 3712 584 3751 v.
604 3695 628 3750 9.
661 3697 908 3770 7)1es.1‚92.5.
946 3700 974 3770 8)
993 3702 1049 3756 Ies.
1069 3701 1113 3772 28,
1128 3702 1162 3756 14

231 3763 445 3836 ffifflffiffl
