2584 4267
172 332 174 339 .
226 280 291 342 380
637 277 815 340 Consilium

336 407 339 410 ’
378 452 677 532 *corsuum
702 392 1013 531 aroannam

313 581 473 662 Propheta
494 583 594 643 Amos
618 586 918 661 comtemporaneue
947 577 1011 640 fuit
1033 571 1167 653 Oscae,2
1258 584 1262 593 '

224 669 259 731 id
282 667 370 750 quod
393 663 498 732 tituli⁸
525 667 681 732 indicant.
727 661 982 749 Prophetarunt4
1008 659 1167 745 uterque⁵

225 763 335 820 contra
357 777 493 837 regnum
516 757 687 839 Ephraim,
711 762 744 818 et
767 749 921 818 eandem⁶
948 755 1170 818 calamitatem

224 840 470 926 praedixerunt⁷
490 847 643 908 futuram.
690 846 755 906 Hic
777 846 866 907 enim
880 865 951 908 mos
967 849 1017 906 est
1032 843 1169 906 domino

225 933 299 1010 deo,
329 941 380 1010 ut,
417 934 543 1014 quoties
572 934 710 1013 insignis
745 933 855 1014 aliqua
887 953 994 996 rerum
1027 933 1170 1002 mutatio

224 1022 339 1098 instat,
364 1024 491 1103 quoties
514 1024 679 1103 egregium
702 1022 834 1102 aliquod
856 1023 980 1084 malum
1003 1021 1169 1098 imminet,

224 1111 334 1174 mittat
368 1113 540 1193 prophetas
575 1131 651 1175 suos
685 1116 742 1173 aut
775 1113 942 1174 ministros
968 1109 1068 1186 verbi,
1110 1110 1171 1190 qui

225 1200 359 1263 verbum
383 1202 548 1277 nuncient,
573 1201 630 1281 qui
653 1200 763 1262 futura
776 1201 864 1262 mala
886 1193 1104 1281 praedicant‚⁸
1129 1204 1172 1260 ut

225 1283 426 1369 praedicato⁹
458 1290 555 1354 verbo
589 1290 640 1352 vel
666 1308 770 1370 pauca
795 1288 892 1351 corda
918 1292 1110 1352 convertant
1136 1294 1172 1349 et

225 1376 267 1437 ad
289 1377 524 1458 poenitentiam
551 1384 711 1442 revocent.
757 1371 897 1440 Haud¹⁰
930 1375 1028 1439 dubie
1056 1375 1169 1452 etiam,

224 1464 321 1527 verbo
356 1465 409 1528 dei
446 1472 515 1528 tam
554 1467 756 1547 apertissime
793 1467 964 1542 habentes,
1004 1465 1172 1544 insignem

225 1571 332 1615 rerum
358 1555 572 1618 mutationem
599 1561 768 1636 expectare
797 1554 968 1628 debemus3
1005 1559 1171 1616 caeterum

225 1641 330 1722 qualis
358 1649 415 1705 aut
443 1638 613 1723 quandoll
646 1643 756 1706 futura
787 1645 843 1719 ait,
878 1642 970 1706 novit
1003 1641 1169 1704 dominus.

156 1779 158 1782 .
225 1730 339 1811 Itaque
363 1751 400 1795 eo
423 1737 576 1813 tempore,
602 1751 681 1799 cum¹
700 1733 835 1794 instaret
856 1730 993 1795 vastatio
1016 1731 1170 1793 Israhelis

225 1820 418 1897 miseranda,
442 1821 534 1884 misit
556 1822 748 1903 prophetam
770 1823 887 1897 Amos,
918 1820 1010 1882 misit
1031 1825 1065 1882 et
1086 1819 1170 1882 alios

225 1907 400 1988 prophetas
427 1910 584 1989 insignes,
619 1911 676 1990 qui
705 1909 841 1973 verbum
866 1908 1106 1991 praedicarent,
1135 1914 1171 1970 et
1263 1976 1267 1984 ,

226 1996 438 2060 admonerent
469 1998 643 2061 Israhelem
686 1991 855 2086 futurae12
902 1998 1093 2061 vastationis
1136 2003 1171 2059 et

226 2085 392 2162 miseriae,
422 2107 463 2154 ne
492 2088 625 2150 omnino
653 2106 765 2149 omnes
795 2087 1013 2167 perderentur,
1045 2085 1104 2148 sed
1126 2084 1170 2146 ad

316 2277 341 2345 ⁸)
361 2279 467 2346 Incipit
485 2295 512 2346 p.
532 2279 674 2332 XXXIX.
693 2277 788 2332 Mser.

316 2433 343 2502 1)
370 2434 416 2487 Sic
438 2435 542 2500 legitur
561 2441 590 2490 et
608 2437 639 2490 in
659 2438 757 2493 codice
775 2437 877 2492 Msco.
896 2442 926 2491 et
943 2438 975 2490 in
998 2438 1067 2491 edit.
1088 2437 1167 2491 1536.

225 2505 261 2558 In
281 2504 499 2559 collectionibus
517 2522 584 2562 vero
603 2507 744 2563 ambabus
756 2509 936 2562 inscribitur:
956 2510 1169 2574 Argumentum

225 2576 257 2628 in
278 2575 451 2644 prophetam
477 2577 574 2631 Amos.
622 2579 735 2642 Quibus
757 2579 855 2635 verbis
881 2580 1001 2633 omnino
1026 2578 1168 2647 incipitur

225 2647 273 2700 hic
293 2649 516 2702 commentarius
534 2649 566 2702 in
585 2650 753 2704 collectione
770 2649 1022 2716 Wittenbergensi.
1060 2648 1090 2717 2)
1112 2650 1168 2702 Ad·

225 2717 317 2772 ditur:
344 2722 374 2772 et
396 2719 508 2773 Esaiae.
553 2719 582 2788 3)
610 2721 714 2775 titulus
731 2721 848 2776 indicat.
894 2720 923 2789 4)
951 2720 1169 2788 Prophetavit.†

225 2789 253 2858 5)
273 2789 374 2843 Deest:
393 2794 522 2858 uterque.
560 2790 587 2860 6)
607 2791 709 2846 Deest:
728 2793 858 2846 eandem.
896 2791 924 2860 7)
943 2791 1076 2859 Legitur:
1096 2792 1168 2845 cala·

225 2861 357 2916 mitatem
380 2861 492 2915 futurae
516 2863 694 2930 captivitatis
712 2860 902 2931 praedixit.††
945 2861 973 2930 8)
997 2863 1118 2916 Rectius
1136 2862 1168 2915 in

225 2932 297 2984 edit:
321 2932 496 2999 praedicent.
543 2933 571 3002 9)
599 2933 662 2986 Iam
680 2935 798 3000 legitur:
821 2938 854 2986 ut
872 2933 975 2988 saltem
993 2933 1085 3000 aliqui
1103 2949 1168 2987 con·

225 3007 374 3056 vertantur
400 3007 430 3056 et
457 3004 494 3056 ad
521 3003 731 3072 poenitentiam
755 3008 932 3060 revocentur.
987 3003 1033 3070 10)
1062 3003 1168 3057 Deest:

224 3072 311 3126 Haud
322 3103 354 3112 -
365 3072 511 3128 debemus.
538 3075 682 3140 Pergitur:
702 3075 797 3140 Quare
815 3075 900 3129 nobis
918 3074 1169 3142 quoqueinsignis

224 3142 275 3196 rna
299 3143 380 3198 verbi
405 3144 497 3200 divini
519 3145 570 3198 lux
595 3161 684 3213 quam
710 3145 969 3214 nomentanus,
995 3149 1169 3212 armamento
1276 3123 1280 3202 f

224 3218 277 3282 est,
302 3214 448 3280 insignem
475 3232 571 3270 rerum
598 3216 789 3271 mutationem
815 3214 1033 3284 imminere.†††
1070 3214 1169 3270 ante

225 3299 290 3336 rum
309 3299 371 3352 sqq.
410 3285 455 3356 11)
481 3288 598 3354 quando
616 3288 651 3341 ea
668 3288 765 3342 futura
784 3304 846 3355 sqq.
885 3287 930 3356 12)
953 3286 990 3340 de
1008 3287 1107 3341 futura
1124 3288 1170 3340 ira

225 3359 255 3407 et
272 3355 517 3426 vastatione,††††
535 3373 572 3412 ne
592 3375 654 3426 sqq.

313 3532 343 3602 †)
363 3534 426 3597 Quo
443 3539 573 3602 tempore
591 3535 698 3590 vixerit
710 3537 859 3603 propheta.
890 3535 995 3589 Vuitt.:
1015 3535 1081 3599 Quo
1098 3540 1153 3589 ten

224 3621 293 3674 pore
316 3605 422 3660 vixerit
439 3605 537 3658 Amos.
573 3605 621 3674 ††)
642 3606 718 3671 Quid
735 3605 953 3676 praedicaverit.
989 3605 1057 3675 ffl)
1075 3606 1145 3660 Mul:

224 3677 303 3731 tione
335 3680 385 3730 aut
417 3677 580 3731 calamitate
611 3678 784 3732 imminente
815 3679 971 3732 mittuntur
997 3677 1149 3746 propheta.

224 3747 329 3800 Vuitt.:
339 3747 500 3815 Prophetae
509 3749 608 3802 nuncii
619 3749 822 3804 calamitatum.
835 3748 919 3818 ††††)
931 3746 989 3802 (tur
998 3749 1107 3801 missus
1120 3748 1153 3802 si¹
