2584 4267
451 323 551 385 Amos
574 285 759 404 prophetae.
1010 326 1074 392 467

133 497 191 562 sed
215 499 457 562 circumstantia
491 504 524 562 et
550 502 781 581 consequentia
808 509 917 568 textus
943 505 977 568 id
1006 505 1075 570 fieri

133 608 201 652 non
225 587 304 650 sinit
326 587 507 670 si'penitus
530 587 763 671 introspiciaa¹

131 747 292 810 Inducam
323 765 420 829 super
446 767 578 811 omnem
606 749 738 813 dorsum
765 757 908 816 vestrum
935 772 1073 819 saccum.
1116 768 1120 786 ·

223 853 287 916 Hic
308 854 401 933 mos†
429 854 492 917 fuit
520 854 693 934 Hebraeis,
716 864 755 921 ut
774 858 922 939 lugentes
945 866 977 923 et
990 881 1074 924 moe·

131 962 204 1006 rore
239 942 377 1006 confecti
410 942 621 1007 induerentur
655 947 805 1026 saooo‚††
837 967 902 1029 quo
942 955 1074 1013 externo

130 1031 248 1094 habitu
288 1031 450 1094 internam
484 1032 586 1094 animi
623 1034 789 1098 tristitiam
827 1041 860 1099 et
896 1055 1074 1100 moerorem

131 1120 369 1201 significarent,
388 1140 455 1183 non
478 1120 566 1201 quod
589 1142 671 1203 opus
694 1123 792 1187 fuerit
813 1122 848 1186 id
870 1124 984 1202 facere,
1016 1126 1074 1197 sed

130 1209 186 1271 hio
202 1229 273 1272 mos
289 1209 336 1271 eis
351 1208 424 1272 fuit.
470 1209 551 1274 Inde
574 1209 720 1274 Christus
747 1212 783 1275 in
806 1213 931 1294 psalmo
956 1214 1074 1293 caffi

132 1297 227 1373 dicit,
253 1316 287 1360 se
309 1297 462 1360 indutum
485 1298 585 1362 fuisse
608 1299 727 1377 cilicio,
758 1301 821 1365 hoc
843 1307 905 1378 est,
929 1321 1073 1366 moerore

131 1386 267 1468 plenum
290 1392 349 1449 etc.
396 1385 448 1449 Sic
468 1391 501 1450 et
515 1407 626 1450 rasura
641 1389 842 1470 capitisiffi
865 1385 1013 1470 quando¹
1041 1398 1073 1454 et

131 1495 192 1538 nos
216 1473 330 1537 afflicti
353 1475 484 1556 capillos
507 1479 647 1541 solemus
671 1478 813 1542 evellere.

385 1633 486 1708 Quasi
508 1635 632 1700 luctum
654 1639 825 1719 unigeniti.

223 1738 389 1820 Significat
405 1743 742 1823 sempitemamstffi
759 1743 827 1806 fore
842 1743 1071 1826 captivitatem,

131 1836 304 1909 nunquam
333 1847 402 1892 esse
432 1831 640 1894 reducendos.
687 1831 942 1895 Similitudinem
975 1833 1074 1896 traxit

132 1937 152 1980 a
175 1917 265 1980 luctu
294 1918 405 1982 matris
436 1919 476 1980 de
504 1921 672 2002 unigenito
701 1920 777 1984 filio.
823 1921 1072 1984 Vehementissi-

131 2026 207 2070 mus
231 2011 280 2069 est
302 2006 392 2070 dolor
414 2009 535 2086 matris,
559 2009 618 2072 ubi
633 2009 775 2073 extincto
790 2009 887 2073 unico
902 2009 969 2072 filio
985 2011 1074 2072 nulla

131 2095 273 2177 amplius
297 2115 370 2177 spes
393 2098 628 2179 recuperandae
651 2099 749 2179 prolis
773 2104 918 2182 superest
940 2104 999 2161 etc.

452 2251 654 2320 Novissima³
681 2256 760 2320 eius.
875 2273 879 2282 ·

223 2359 371 2424 Rectiusi
393 2366 537 2443 posteros
561 2363 639 2428 eius.

297 2521 429 2584 Mittam
452 2517 702 2602 famemffiffi
724 2523 760 2586 in
782 2530 910 2587 terram.
1055 2555 1076 2603 μ

223 2627 313 2690 Haec
335 2632 373 2692 ut
395 2627 718 2708 novissimatffiffi
745 2629 841 2711 plaga
861 2630 916 2691 hic
939 2637 996 2706 est,
1027 2631 1074 2694 ita

132 2715 283 2779 omnium
306 2723 355 2780 est
369 2717 514 2780 maxima
528 2720 561 2779 et
581 2716 774 2794 miseranda,
797 2717 939 2798 reliquae
961 2719 1073 2799 plagae

112 2939 115 2946 '
224 2928 251 2996 1)
269 2927 405 2982 Additur:
423 2943 493 2982 nam
511 2926 653 2995 propheta
671 2926 770 2980 statim
789 2941 820 2980 se
838 2926 971 2995 exponit:

260 3051 433 3107 convertam
452 3051 634 3120 captivitates
652 3054 764 3107 vestras
782 3051 814 3104 in
831 3051 949 3105 luctum.

222 3139 283 3195 Neo
295 3145 394 3197 tamen
405 3140 547 3210 prohibet,
563 3145 657 3195 totum
668 3141 748 3193 huno
760 3140 854 3194 locum
865 3141 903 3193 ad
915 3144 1074 3194 extremam

131 3211 233 3280 populi
246 3212 446 3283 calamitatem,
460 3227 533 3280 quae
545 3216 612 3280 post
626 3209 775 3265 Christum
787 3211 950 3265 exhibitum
962 3210 1073 3280 accidit,

132 3287 163 3337 et
180 3283 213 3338 in
232 3298 289 3351 qna
307 3283 402 3338 adhuc
419 3283 506 3338 hodie
519 3287 595 3352 sunt,
615 3281 837 3337 accommodare.
863 3282 937 3335 Nam
949 3281 990 3336 ite
1002 3281 1073 3351 dixi,

11 3355 13 3374 “
132 3354 296 3408 oeneralem
314 3355 414 3422 populi
426 3353 615 3408 abiectionem
626 3354 678 3423 irio
687 3352 823 3420 praedici.
858 3353 1073 3422 Induoamsqq.

154 3425 257 3480 tsicut
275 3441 329 3479 nos
347 3441 409 3494 sqq.
452 3425 480 3489 3)
499 3425 593 3480 deest:
619 3424 784 3480 Novissima
803 3453 835 3463 —
853 3428 985 3492 posteros
1003 3424 1073 3478 eius.

222 3584 251 3652 †)
269 3583 376 3640 voire:
396 3585 460 3638 Mos
472 3583 654 3638 Hebraorum
666 3585 697 3638 in
709 3585 796 3638 luctu.
821 3583 868 3652 ἥ)
885 3583 971 3637 Saoce
982 3581 1073 3636 indui.

154 3657 198 3724 ἢ)
210 3655 316 3710 Psalrn
329 3655 372 3710 68.
403 3657 488 3722 ††††)
499 3655 611 3710 Rasum
623 3655 735 3722 capitis.
771 3656 874 3720 i††††)
895 3654 1076 3722 Sempiterna

155 3727 295 3795 aptivitas.
319 3727 444 3794 ††††††)
458 3725 562 3781 Vuitt.:
580 3727 684 3780 Fames
695 3725 776 3782 verbi
789 3724 844 3779 dei.
869 3727 1009 3794 iffitffl
1021 3724 1074 3778 No-

159 3799 287 3855 tssimum
305 3797 448 3853 malorum
465 3798 588 3866 penuria
605 3797 694 3854 verbi.

858 3884 914 3937 30·
