2584 4267
415 296 538 359 Johelis
561 296 743 376 prophetae.
1006 298 1057 361 59·
1092 350 1094 355 κ
1131 294 1133 297 ’

118 474 241 554 lingum
263 493 301 537 ac
323 474 437 537 vineae
460 493 537 536 suae
559 474 792 552 conquerentis.
832 473 875 536 Et
897 493 970 553 ergo
993 475 1048 539 hic
1137 528 1138 531 ,
1196 452 1226 543 ,f

1214 568 1244 593 ’ἡ

117 563 202 625 locus
223 567 412 641 argumento
434 568 492 637 est,
516 568 625 641 gentes
648 562 900 625 innumerabiles
920 582 1049 626 vocasse

116 652 301 730 prophetam
339 651 419 713 haec
456 650 619 713 animalia.
681 650 806 729 Assyrii
849 652 937 713 enim
977 650 1048 729 (hos

36 753 37 757 ’
116 739 201 801 enim
226 738 477 819 interpretantur
503 744 632 819 gentem
659 739 774 801 fortem
809 744 841 801 et
868 740 1048 801 innumera·

36 845 37 904 ξ
115 827 224 907 bilem)
248 828 316 891 sive
339 828 525 907 quicunque
547 827 679 890 tandem
706 828 845 903 inimici,
874 846 940 891 non
967 827 1049 891 vites

35 922 36 996 j
115 922 239 979 tantum
261 922 319 978 aut
342 934 433 995 agros
456 914 697 995 depopularent,
722 914 778 978 sed
801 922 833 979 et
848 915 994 979 civitates
1017 923 1050 978 et

115 1023 222 1066 eorum
249 1004 387 1079 incolas,
422 1005 515 1067 cuius
541 1003 596 1066 hic
629 1004 721 1066 nulla
754 1006 792 1066 fit
819 1004 955 1080 mentio,
992 1003 1049 1066 sed

35 1088 36 1135 l
115 1098 221 1155 tamen
243 1092 393 1173 depastas
416 1092 496 1156 dicit
517 1092 628 1155 vineas
644 1098 678 1155 et
693 1092 808 1173 fruges,
833 1092 921 1172 quod
935 1093 1048 1155 bestiis

35 1179 36 1198 ¹
115 1181 182 1243 istis
204 1181 328 1243 tribuit.

312 1322 356 1384 Et
377 1324 475 1385 ficum
498 1342 609 1386 meum
632 1322 845 1386 decorticavit.

197 1428 284 1491 Male
299 1427 463 1491 redditum
479 1435 536 1491 est.
576 1428 629 1493 Sic
644 1436 693 1493 est
708 1430 743 1492 in
758 1430 908 1492 hebraeo:
933 1430 1048 1494 Ficum

115 1536 218 1579 meam
229 1518 265 1579 in
276 1516 535 1581 confractionem.
560 1518 675 1597 Itaque
687 1517 890 1597 simpliciter:
909 1518 1047 1594 vineam,

33 1650 34 1672 i
115 1605 223 1681 ficum,
252 1600 328 1685 egol
355 1606 536 1668 naturalem
559 1606 688 1671 vineam
712 1613 744 1670 et
766 1607 864 1669 ficum
891 1607 1046 1687 intelligo,

33 1677 34 1718 ³
116 1713 192 1772 quae
216 1701 293 1756 sunt
315 1694 495 1757 destructae
518 1700 550 1757 et
572 1694 723 1775 depastae
746 1715 802 1775 per
825 1696 903 1759 istas
918 1695 1046 1769 bestias,

115 1801 175 1844 non
197 1783 367 1862 populum,
391 1789 428 1845 ut
451 1779 586 1861 quidam
608 1785 866 1863 interpretantur.
1037 1830 1040 1836 -

374 1940 508 2019 Nudans
532 1942 684 2023 spoliavit
707 1962 787 2005 eam.

197 2047 287 2111 Mera
322 2055 370 2110 est
403 2047 551 2127 repetitio
589 2046 735 2113 eiusdem
773 2046 962 2122 sententiae,
1003 2047 1049 2111 sio
1110 2108 1118 2123 ,
1249 2056 1253 2063 ’

116 2136 197 2199 enim
221 2155 291 2199 mos
316 2143 364 2199 est
386 2137 541 2200 hebraeae
557 2137 697 2217 linguae,
721 2142 759 2199 ut
778 2135 925 2214 pluribus
941 2136 1048 2198 verbis

31 2226 34 2238 '
115 2224 261 2287 abundet.
297 2224 465 2304 Spoliavit‚
489 2226 612 2289 scilicet
626 2225 784 2287 fructibus
800 2230 832 2287 et
846 2223 943 2300 foliis,
965 2224 1048 2287 siout

31 2346 32 2385 r
115 2317 144 2375 et
164 2312 321 2392 Virgilius
351 2312 463 2377 eodem
491 2314 588 2378 modo
615 2313 731 2377 tribuit
757 2312 873 2387 hiemi,
905 2312 1056 2375 adimere

114 2400 263 2463 honorem
298 2401 407 2464 silvae.
459 2404 550 2465 Albi
584 2402 679 2465 iacti
714 2408 816 2475 sunt,
852 2400 873 2463 i.
903 2421 929 2464 e.
965 2400 1047 2464 nudi

31 2529 32 2543 ,
115 2488 179 2552 sine
201 2489 298 2552 foliis.

403 2613 522 2693 Plange
545 2612 638 2693 quasi
662 2614 759 2693 virgo.

197 2718 357 2783 *Adducit
379 2718 643 2795 similitudinem,
673 2738 833 2799 quarem
860 2720 1044 2800 amplificat,

160 2950 162 2958 ,
197 2893 223 2962 ⁸)
240 2892 521 2948 vehementissimus
540 2908 620 2947 amor
637 2894 738 2961 sponsi
757 2899 786 2946 et
805 2907 937 2962 sponsae,
955 2906 1047 2959 aquo

115 2966 171 3017 tam
188 2979 276 3034 saepe
294 2963 515 3019 similitudinem
532 2964 637 3031 accipit
656 2964 804 3032 scriptura.

115 3129 179 3178 aunt
194 3140 268 3191 qnae
286 3124 316 3177 in
329 3122 429 3179 usco.
443 3128 603 3191 sequuntur
614 3125 703 3179 verba
715 3123 764 3178 ab:
783 3128 813 3177 et
824 3124 943 3177 interitu
955 3138 1047 3193 usque

115 3192 159 3246 ad:
184 3194 295 3249 tribuit.
332 3194 460 3261 Legitur:
486 3195 544 3249 ista
567 3195 667 3263 populi
693 3194 922 3262 conquerentis.†
956 3193 1048 3247 Vocat

31 3291 32 3294 =
114 3263 224 3317 vineam
242 3271 273 3319 et
289 3267 385 3335 ficum,
402 3265 499 3333 ipsum
517 3264 657 3333 populum
675 3264 841 3319 institutum
860 3269 891 3319 et
901 3265 1047 3319 excultum

114 3332 172 3389 leae
183 3334 291 3404 divina,
303 3335 498 3404 caeremoniis,
510 3335 634 3404 iudiciis,
645 3351 734 3402 regno
746 3334 887 3391 divinitus
903 3335 1047 3404 institute,

149 3404 215 3459 rbus
232 3410 335 3459 tamen
351 3406 485 3461 omnibus
504 3406 698 3461 abutebantur
716 3411 816 3460 eontra
838 3407 935 3475 ipsum
953 3407 1047 3461 Deum

163 3475 265 3530 luxum
284 3490 376 3531 suum.

200 3546 227 3615 1)
244 3548 360 3601 Desunt
375 3548 476 3604 verba:
495 3550 657 3603 naturalem
677 3576 709 3587 —
728 3549 962 3617 interpretantur.
998 3548 1046 3610 Le·

149 3632 197 3669 ur:
216 3632 269 3684 ego
287 3619 427 3686 populum
444 3619 582 3686 intelligo.

198 3758 227 3827 †)
246 3759 368 3823 Querela
384 3759 420 3815 de
439 3767 556 3830 accepta
574 3762 662 3816 clade.
698 3761 791 3815 Vinea
809 3765 840 3813 et
859 3760 929 3813 ficus
947 3758 1045 3811 Israel.
