<?xml version="1.0" encoding="UTF-8"?>
<!DOCTYPE html PUBLIC "-//W3C//DTD XHTML 1.0 Transitional//EN"
    "http://www.w3.org/TR/xhtml1/DTD/xhtml1-transitional.dtd">
<html xmlns="http://www.w3.org/1999/xhtml" xml:lang="en" lang="en">
 <head>
  <title>
</title>
<meta http-equiv="Content-Type" content="text/html;charset=utf-8" />
  <meta name='ocr-system' content='tesseract 3.04.00' />
  <meta name='ocr-capabilities' content='ocr_page ocr_carea ocr_par ocr_line ocrx_word'/>
</head>
<body>
  <div class='ocr_page' id='page_1' title='image "./exegeticaoperal12luthgoog_0141.png"; bbox 0 0 2584 4267; ppageno 0'>
   <div class='ocr_carea' id='block_1_1' title="bbox 425 304 1582 382">
    <p class='ocr_par' dir='ltr' id='par_1_1' title="bbox 425 304 1582 382">
     <span class='ocr_line' id='line_1_1' title="bbox 425 304 1582 382; baseline -0.006 -12"><span class='ocrx_word' id='word_1_1' title='bbox 425 308 550 370; x_wconf 88' lang='lat'>130</span> <span class='ocrx_word' id='word_1_2' title='bbox 1113 304 1582 382; x_wconf 88' lang='lat' dir='ltr'>Prolegomena.</span> 
     </span>
    </p>
   </div>
   <div class='ocr_carea' id='block_1_2' title="bbox 372 479 2311 3841">
    <p class='ocr_par' dir='ltr' id='par_1_2' title="bbox 372 479 2311 3841">
     <span class='ocr_line' id='line_1_2' title="bbox 416 479 2303 564; baseline -0.001 -18"><span class='ocrx_word' id='word_1_3' title='bbox 416 483 591 564; x_wconf 90' lang='lat' dir='ltr'>quod</span> <span class='ocrx_word' id='word_1_4' title='bbox 636 483 769 544; x_wconf 89' lang='lat' dir='ltr'>iam</span> <span class='ocrx_word' id='word_1_5' title='bbox 812 481 1106 543; x_wconf 87' lang='lat' dir='ltr'>hocloco</span> <span class='ocrx_word' id='word_1_6' title='bbox 1136 479 1610 543; x_wconf 88' lang='lat' dir='ltr'>observandum</span> <span class='ocrx_word' id='word_1_7' title='bbox 1642 479 1762 543; x_wconf 80' lang='lat' dir='ltr'>erit·</span> <span class='ocrx_word' id='word_1_8' title='bbox 1806 515 1890 523; x_wconf 81' lang='lat'>—</span> <span class='ocrx_word' id='word_1_9' title='bbox 1942 503 2071 543; x_wconf 81' lang='lat' dir='ltr'>nen</span> <span class='ocrx_word' id='word_1_10' title='bbox 2107 483 2303 559; x_wconf 75' lang='grc' dir='ltr'>1111111Ιτ</span> 
     </span>
     <span class='ocr_line' id='line_1_3' title="bbox 414 567 2307 647; baseline -0.001 -14"><span class='ocrx_word' id='word_1_11' title='bbox 414 571 755 634; x_wconf 88' lang='lat' dir='ltr'>Lutheri</span> <span class='ocrx_word' id='word_1_12' title='bbox 823 569 1359 633; x_wconf 89' lang='lat' dir='ltr'>commentarium</span> <span class='ocrx_word' id='word_1_13' title='bbox 1416 568 1488 630; x_wconf 89' lang='lat' dir='ltr'>in</span> <span class='ocrx_word' id='word_1_14' title='bbox 1546 567 1790 631; x_wconf 81' lang='lat' dir='ltr'>Jeelem</span> <span class='ocrx_word' id='word_1_15' title='bbox 1862 571 2103 647; x_wconf 69' lang='lat' dir='ltr'>afferri,</span> <span class='ocrx_word' id='word_1_16' title='bbox 2179 571 2307 631; x_wconf 84' lang='lat' dir='ltr'>sed</span> 
     </span>
     <span class='ocr_line' id='line_1_4' title="bbox 413 659 2311 740; baseline -0.001 -16"><span class='ocrx_word' id='word_1_17' title='bbox 413 660 659 724; x_wconf 90' lang='lat' dir='ltr'>Joelem</span> <span class='ocrx_word' id='word_1_18' title='bbox 704 659 1088 740; x_wconf 89' lang='lat' dir='ltr'>prophetam</span> <span class='ocrx_word' id='word_1_19' title='bbox 1134 676 1311 720; x_wconf 89' lang='lat' dir='ltr'>cum</span> <span class='ocrx_word' id='word_1_20' title='bbox 1356 659 1830 719; x_wconf 81' lang='lat' dir='ltr'>commentariis</span> <span class='ocrx_word' id='word_1_21' title='bbox 1870 659 2200 719; x_wconf 65' lang='lat' dir='ltr'>reverentii</span> <span class='ocrx_word' id='word_1_22' title='bbox 2235 667 2311 723; x_wconf 81' lang='lat' dir='ltr'>et</span> 
     </span>
     <span class='ocr_line' id='line_1_5' title="bbox 415 745 2307 825; baseline -0.001 -13"><span class='ocrx_word' id='word_1_23' title='bbox 415 755 638 811; x_wconf 90' lang='lat' dir='ltr'>sancta</span> <span class='ocrx_word' id='word_1_24' title='bbox 694 746 1004 809; x_wconf 89' lang='lat' dir='ltr'>memoria</span> <span class='ocrx_word' id='word_1_25' title='bbox 1061 746 1242 825; x_wconf 87' lang='lat' dir='ltr'>digni</span> <span class='ocrx_word' id='word_1_26' title='bbox 1302 746 1379 807; x_wconf 91' lang='lat' dir='ltr'>D.</span> <span class='ocrx_word' id='word_1_27' title='bbox 1428 745 1690 807; x_wconf 79' lang='lat' dir='ltr'>Martini</span> <span class='ocrx_word' id='word_1_28' title='bbox 1738 747 2018 807; x_wconf 82' lang='lat' dir='ltr'>Lutheri.</span> <span class='ocrx_word' id='word_1_29' title='bbox 2131 747 2307 811; x_wconf 78' lang='lat' dir='ltr'>Sunt</span> 
     </span>
     <span class='ocr_line' id='line_1_6' title="bbox 412 833 2299 917; baseline 0.001 -20"><span class='ocrx_word' id='word_1_30' title='bbox 412 838 608 917; x_wconf 86' lang='lat' dir='ltr'>igitur</span> <span class='ocrx_word' id='word_1_31' title='bbox 653 836 1135 917; x_wconf 78' lang='lat' dir='ltr'>explanationes</span> <span class='ocrx_word' id='word_1_32' title='bbox 1182 833 1577 896; x_wconf 82' lang='lat' dir='ltr'>celeberrimi</span> <span class='ocrx_word' id='word_1_33' title='bbox 1622 835 1902 911; x_wconf 64' lang='lat' dir='ltr'>theologi</span> <span class='ocrx_word' id='word_1_34' title='bbox 1930 835 2299 899; x_wconf 71' lang='lat' dir='ltr'>Ner-imber-</span> 
     </span>
     <span class='ocr_line' id='line_1_7' title="bbox 378 922 2307 1005; baseline 0 -17"><span class='ocrx_word' id='word_1_35' title='bbox 378 926 627 1005; x_wconf 77' lang='lat' dir='ltr'>-gensis</span> <span class='ocrx_word' id='word_1_36' title='bbox 671 923 986 986; x_wconf 80' lang='lat' dir='ltr'>immixtis</span> <span class='ocrx_word' id='word_1_37' title='bbox 1029 922 1156 985; x_wconf 84' lang='lat' dir='ltr'>illis</span> <span class='ocrx_word' id='word_1_38' title='bbox 1203 941 1365 1002; x_wconf 87' lang='lat' dir='ltr'>quas</span> <span class='ocrx_word' id='word_1_39' title='bbox 1415 922 1734 985; x_wconf 83' lang='lat' dir='ltr'>Lutherus</span> <span class='ocrx_word' id='word_1_40' title='bbox 1782 923 2111 1003; x_wconf 82' lang='lat' dir='ltr'>quendam</span> <span class='ocrx_word' id='word_1_41' title='bbox 2155 927 2307 987; x_wconf 86' lang='lat' dir='ltr'>suis</span> 
     </span>
     <span class='ocr_line' id='line_1_8' title="bbox 415 1010 2299 1091; baseline 0 -15"><span class='ocrx_word' id='word_1_42' title='bbox 415 1013 814 1077; x_wconf 80' lang='lat' dir='ltr'>auditoribus</span> <span class='ocrx_word' id='word_1_43' title='bbox 872 1012 944 1074; x_wconf 92' lang='lat' dir='ltr'>in</span> <span class='ocrx_word' id='word_1_44' title='bbox 1002 1011 1236 1074; x_wconf 90' lang='lat' dir='ltr'>scholis</span> <span class='ocrx_word' id='word_1_45' title='bbox 1295 1010 1678 1073; x_wconf 75' lang='lat' dir='ltr'>academieis</span> <span class='ocrx_word' id='word_1_46' title='bbox 1734 1011 2299 1091; x_wconf 55' lang='grc' dir='ltr'>Ἴ111111111-1111111Ὲ111-</span> 
     </span>
     <span class='ocr_line' id='line_1_9' title="bbox 415 1098 2303 1175; baseline -0.001 -10"><span class='ocrx_word' id='word_1_47' title='bbox 415 1103 593 1165; x_wconf 89' lang='lat' dir='ltr'>sibus</span> <span class='ocrx_word' id='word_1_48' title='bbox 625 1099 1184 1165; x_wconf 89' lang='lat' dir='ltr'>commendaverat</span> <span class='ocrx_word' id='word_1_49' title='bbox 1214 1098 1754 1175; x_wconf 74' lang='lat' dir='ltr'>adnotationibus,</span> <span class='ocrx_word' id='word_1_50' title='bbox 1798 1119 1914 1163; x_wconf 86' lang='lat' dir='ltr'>sue</span> <span class='ocrx_word' id='word_1_51' title='bbox 1946 1103 2079 1163; x_wconf 67' lang='lat' dir='ltr'>Viti</span> <span class='ocrx_word' id='word_1_52' title='bbox 2115 1123 2303 1163; x_wconf 82' lang='lat' dir='ltr'>mere</span> 
     </span>
     <span class='ocr_line' id='line_1_10' title="bbox 413 1188 2307 1267; baseline 0 -13"><span class='ocrx_word' id='word_1_53' title='bbox 413 1191 710 1267; x_wconf 82' lang='lat' dir='ltr'>collectis,</span> <span class='ocrx_word' id='word_1_54' title='bbox 758 1190 827 1252; x_wconf 90' lang='lat' dir='ltr'>id</span> <span class='ocrx_word' id='word_1_55' title='bbox 874 1195 972 1252; x_wconf 89' lang='lat' dir='ltr'>est</span> <span class='ocrx_word' id='word_1_56' title='bbox 1014 1188 1495 1252; x_wconf 84' lang='lat' dir='ltr'>rectractatione</span> <span class='ocrx_word' id='word_1_57' title='bbox 1540 1188 1866 1251; x_wconf 81' lang='lat' dir='ltr'>liberrima</span> <span class='ocrx_word' id='word_1_58' title='bbox 1894 1191 2179 1251; x_wconf 77' lang='lat' dir='ltr'>subantis</span> <span class='ocrx_word' id='word_1_59' title='bbox 2231 1199 2307 1255; x_wconf 82' lang='lat' dir='ltr'>et.</span> 
     </span>
     <span class='ocr_line' id='line_1_11' title="bbox 372 1276 2299 1360; baseline -0.002 -17"><span class='ocrx_word' id='word_1_60' title='bbox 372 1277 484 1342; x_wconf 72' lang='lat' dir='ltr'>&#39;in</span> <span class='ocrx_word' id='word_1_61' title='bbox 530 1281 631 1343; x_wconf 89' lang='lat' dir='ltr'>sui</span> <span class='ocrx_word' id='word_1_62' title='bbox 677 1278 886 1360; x_wconf 91' lang='lat' dir='ltr'>operis</span> <span class='ocrx_word' id='word_1_63' title='bbox 931 1296 1124 1340; x_wconf 92' lang='lat' dir='ltr'>usum</span> <span class='ocrx_word' id='word_1_64' title='bbox 1182 1276 1475 1339; x_wconf 89' lang='lat' dir='ltr'>redactis.</span> <span class='ocrx_word' id='word_1_65' title='bbox 1568 1276 1646 1339; x_wconf 73' lang='grc'>111</span> <span class='ocrx_word' id='word_1_66' title='bbox 1706 1279 1878 1355; x_wconf 78' lang='lat' dir='ltr'>qued</span> <span class='ocrx_word' id='word_1_67' title='bbox 1942 1287 2034 1355; x_wconf 77' lang='lat' dir='ltr'>et,</span> <span class='ocrx_word' id='word_1_68' title='bbox 2099 1279 2299 1343; x_wconf 80' lang='lat' dir='ltr'>aienti</span> 
     </span>
     <span class='ocr_line' id='line_1_12' title="bbox 413 1364 2299 1446; baseline -0.001 -16"><span class='ocrx_word' id='word_1_69' title='bbox 413 1370 545 1431; x_wconf 87' lang='lat' dir='ltr'>iam</span> <span class='ocrx_word' id='word_1_70' title='bbox 611 1368 683 1434; x_wconf 89' lang='grc'>111</span> <span class='ocrx_word' id='word_1_71' title='bbox 740 1366 1211 1446; x_wconf 86' lang='lat' dir='ltr'>Prolegomenis</span> <span class='ocrx_word' id='word_1_72' title='bbox 1279 1364 1363 1427; x_wconf 88' lang='lat' dir='ltr'>ad</span> <span class='ocrx_word' id='word_1_73' title='bbox 1422 1367 1910 1446; x_wconf 71' lang='lat' dir='ltr'>praecedentem</span> <span class='ocrx_word' id='word_1_74' title='bbox 1970 1387 2299 1431; x_wconf 83' lang='lat' dir='ltr'>eemmen</span> 
     </span>
     <span class='ocr_line' id='line_1_13' title="bbox 411 1454 2299 1547; baseline 0.001 -28"><span class='ocrx_word' id='word_1_75' title='bbox 411 1457 650 1547; x_wconf 82' lang='lat' dir='ltr'>tarium</span> <span class='ocrx_word' id='word_1_76' title='bbox 695 1455 1175 1537; x_wconf 83' lang='lat' dir='ltr'>explicavimus,</span> <span class='ocrx_word' id='word_1_77' title='bbox 1225 1454 1305 1516; x_wconf 90' lang='lat' dir='ltr'>de</span> <span class='ocrx_word' id='word_1_78' title='bbox 1350 1454 1666 1535; x_wconf 74' lang='lat' dir='ltr'>prioribus</span> <span class='ocrx_word' id='word_1_79' title='bbox 1714 1455 1786 1515; x_wconf 90' lang='lat' dir='ltr'>in</span> <span class='ocrx_word' id='word_1_80' title='bbox 1818 1455 2063 1519; x_wconf 80' lang='lat' dir='ltr'>santiea</span> <span class='ocrx_word' id='word_1_81' title='bbox 2095 1459 2299 1519; x_wconf 81' lang='lat' dir='ltr'>santi</span> 
     </span>
     <span class='ocr_line' id='line_1_14' title="bbox 413 1543 2299 1623; baseline 0 -16"><span class='ocrx_word' id='word_1_82' title='bbox 413 1564 666 1620; x_wconf 88' lang='lat' dir='ltr'>corum,</span> <span class='ocrx_word' id='word_1_83' title='bbox 726 1543 798 1606; x_wconf 90' lang='lat' dir='ltr'>in</span> <span class='ocrx_word' id='word_1_84' title='bbox 856 1543 1178 1605; x_wconf 90' lang='lat' dir='ltr'>Micheam</span> <span class='ocrx_word' id='word_1_85' title='bbox 1232 1549 1299 1605; x_wconf 90' lang='lat' dir='ltr'>et</span> <span class='ocrx_word' id='word_1_86' title='bbox 1341 1543 1626 1605; x_wconf 87' lang='lat' dir='ltr'>Hoseam</span> <span class='ocrx_word' id='word_1_87' title='bbox 1690 1543 2030 1623; x_wconf 70' lang='lat' dir='ltr'>prophetas</span> <span class='ocrx_word' id='word_1_88' title='bbox 2091 1551 2155 1607; x_wconf 87' lang='lat' dir='ltr'>et</span> <span class='ocrx_word' id='word_1_89' title='bbox 2207 1543 2299 1607; x_wconf 83' lang='lat' dir='ltr'>tle</span> 
     </span>
     <span class='ocr_line' id='line_1_15' title="bbox 412 1631 2295 1715; baseline 0 -20"><span class='ocrx_word' id='word_1_90' title='bbox 412 1631 870 1715; x_wconf 87' lang='lat' dir='ltr'>posterioribus</span> <span class='ocrx_word' id='word_1_91' title='bbox 936 1631 1009 1693; x_wconf 90' lang='lat' dir='ltr'>in</span> <span class='ocrx_word' id='word_1_92' title='bbox 1067 1631 1351 1695; x_wconf 85' lang='lat' dir='ltr'>Genesin</span> <span class='ocrx_word' id='word_1_93' title='bbox 1407 1631 1722 1695; x_wconf 75' lang='lat' dir='ltr'>institutis</span> <span class='ocrx_word' id='word_1_94' title='bbox 1774 1635 1834 1695; x_wconf 57' lang='grc' dir='ltr'>Ἦ</span> <span class='ocrx_word' id='word_1_95' title='bbox 1838 1631 1914 1695; x_wconf 73' lang='lat' dir='ltr'>iti</span> <span class='ocrx_word' id='word_1_96' title='bbox 1970 1631 2295 1695; x_wconf 83' lang='lat' dir='ltr'>Theederi</span> 
     </span>
     <span class='ocr_line' id='line_1_16' title="bbox 412 1719 2295 1816; baseline -0.001 -32"><span class='ocrx_word' id='word_1_97' title='bbox 412 1723 810 1816; x_wconf 86' lang='lat' dir='ltr'>aliorumque</span> <span class='ocrx_word' id='word_1_98' title='bbox 854 1720 1120 1784; x_wconf 83' lang='lat' dir='ltr'>Lutheri</span> <span class='ocrx_word' id='word_1_99' title='bbox 1163 1726 1304 1783; x_wconf 88' lang='lat' dir='ltr'>tam</span> <span class='ocrx_word' id='word_1_100' title='bbox 1356 1719 1818 1801; x_wconf 82' lang='lat' dir='ltr'>discipulerum</span> <span class='ocrx_word' id='word_1_101' title='bbox 1882 1739 2083 1799; x_wconf 83' lang='lat' dir='ltr'>quam</span> <span class='ocrx_word' id='word_1_102' title='bbox 2135 1723 2295 1783; x_wconf 84' lang='lat' dir='ltr'>ami</span> 
     </span>
     <span class='ocr_line' id='line_1_17' title="bbox 411 1809 2299 1891; baseline -0.001 -17"><span class='ocrx_word' id='word_1_103' title='bbox 411 1810 632 1874; x_wconf 87' lang='lat' dir='ltr'>corum</span> <span class='ocrx_word' id='word_1_104' title='bbox 677 1809 1330 1873; x_wconf 85' lang='lat' dir='ltr'>commentationibus</span> <span class='ocrx_word' id='word_1_105' title='bbox 1359 1809 1758 1889; x_wconf 82' lang='lat' dir='ltr'>Megalandri</span> <span class='ocrx_word' id='word_1_106' title='bbox 1786 1811 2046 1871; x_wconf 86' lang='lat' dir='ltr'>nemine</span> <span class='ocrx_word' id='word_1_107' title='bbox 2099 1819 2299 1891; x_wconf 77' lang='lat' dir='ltr'>atque</span> 
     </span>
     <span class='ocr_line' id='line_1_18' title="bbox 411 1898 2295 1963; baseline 0.001 -1"><span class='ocrx_word' id='word_1_108' title='bbox 411 1900 783 1963; x_wconf 78' lang='lat' dir='ltr'>auctoritate</span> <span class='ocrx_word' id='word_1_109' title='bbox 829 1898 1069 1962; x_wconf 83' lang='lat' dir='ltr'>ornatis</span> <span class='ocrx_word' id='word_1_110' title='bbox 1113 1898 1264 1961; x_wconf 87' lang='lat' dir='ltr'>licet</span> <span class='ocrx_word' id='word_1_111' title='bbox 1309 1903 1602 1960; x_wconf 85' lang='lat' dir='ltr'>statuere.</span> <span class='ocrx_word' id='word_1_112' title='bbox 1698 1899 1826 1959; x_wconf 89' lang='lat' dir='ltr'>Hie</span> <span class='ocrx_word' id='word_1_113' title='bbox 1882 1903 2103 1963; x_wconf 81' lang='lat' dir='ltr'>autem</span> <span class='ocrx_word' id='word_1_114' title='bbox 2147 1919 2295 1963; x_wconf 83' lang='lat' dir='ltr'>mus</span> 
     </span>
     <span class='ocr_line' id='line_1_19' title="bbox 409 1985 2295 2068; baseline 0.001 -18"><span class='ocrx_word' id='word_1_115' title='bbox 409 1989 535 2052; x_wconf 87' lang='lat' dir='ltr'>fuit</span> <span class='ocrx_word' id='word_1_116' title='bbox 579 1989 717 2052; x_wconf 88' lang='lat' dir='ltr'>Viti</span> <span class='ocrx_word' id='word_1_117' title='bbox 776 1986 1094 2050; x_wconf 88' lang='lat' dir='ltr'>Theodori</span> <span class='ocrx_word' id='word_1_118' title='bbox 1112 2035 1126 2062; x_wconf 94' lang='lat'>,</span> <span class='ocrx_word' id='word_1_119' title='bbox 1198 1993 1273 2049; x_wconf 90' lang='lat' dir='ltr'>ut</span> <span class='ocrx_word' id='word_1_120' title='bbox 1339 1985 1762 2068; x_wconf 74' lang='lat' dir='ltr'>pugillaribus</span> <span class='ocrx_word' id='word_1_121' title='bbox 1830 1987 1962 2051; x_wconf 66' lang='grc'>11111</span> <span class='ocrx_word' id='word_1_122' title='bbox 2034 1987 2295 2051; x_wconf 84' lang='lat' dir='ltr'>sehedis</span> 
     </span>
     <span class='ocr_line' id='line_1_20' title="bbox 407 2075 2295 2156; baseline 0.001 -18"><span class='ocrx_word' id='word_1_123' title='bbox 407 2077 673 2140; x_wconf 88' lang='lat' dir='ltr'>Lutheri</span> <span class='ocrx_word' id='word_1_124' title='bbox 703 2083 851 2140; x_wconf 87' lang='lat' dir='ltr'>ante</span> <span class='ocrx_word' id='word_1_125' title='bbox 882 2076 1099 2140; x_wconf 90' lang='lat' dir='ltr'>oculos</span> <span class='ocrx_word' id='word_1_126' title='bbox 1129 2075 1472 2156; x_wconf 88' lang='lat' dir='ltr'>propositis</span> <span class='ocrx_word' id='word_1_127' title='bbox 1508 2075 1950 2139; x_wconf 82' lang='lat' dir='ltr'>celeberrimas</span> <span class='ocrx_word' id='word_1_128' title='bbox 1994 2079 2295 2155; x_wconf 75' lang='lat' dir='ltr'>magistri</span> 
     </span>
     <span class='ocr_line' id='line_1_21' title="bbox 410 2164 2291 2244; baseline -0.001 -16"><span class='ocrx_word' id='word_1_129' title='bbox 410 2166 760 2229; x_wconf 89' lang='lat' dir='ltr'>sententias</span> <span class='ocrx_word' id='word_1_130' title='bbox 803 2165 876 2227; x_wconf 90' lang='lat' dir='ltr'>in</span> <span class='ocrx_word' id='word_1_131' title='bbox 921 2184 1185 2228; x_wconf 87' lang='lat' dir='ltr'>succum</span> <span class='ocrx_word' id='word_1_132' title='bbox 1229 2170 1295 2227; x_wconf 89' lang='lat' dir='ltr'>et</span> <span class='ocrx_word' id='word_1_133' title='bbox 1340 2164 1722 2244; x_wconf 85' lang='lat' dir='ltr'>sanguinem</span> <span class='ocrx_word' id='word_1_134' title='bbox 1770 2167 1894 2227; x_wconf 81' lang='lat' dir='ltr'>sibi</span> <span class='ocrx_word' id='word_1_135' title='bbox 1950 2167 2291 2243; x_wconf 72' lang='lat' dir='ltr'>redigeret,</span> 
     </span>
     <span class='ocr_line' id='line_1_22' title="bbox 407 2251 2287 2335; baseline 0 -20"><span class='ocrx_word' id='word_1_136' title='bbox 407 2274 593 2335; x_wconf 86' lang='lat' dir='ltr'>porro</span> <span class='ocrx_word' id='word_1_137' title='bbox 649 2272 814 2333; x_wconf 85' lang='lat' dir='ltr'>quae</span> <span class='ocrx_word' id='word_1_138' title='bbox 858 2254 1177 2316; x_wconf 87' lang='lat' dir='ltr'>Lutherus</span> <span class='ocrx_word' id='word_1_139' title='bbox 1236 2251 1321 2314; x_wconf 90' lang='lat' dir='ltr'>ad</span> <span class='ocrx_word' id='word_1_140' title='bbox 1379 2272 1574 2315; x_wconf 90' lang='lat' dir='ltr'>usum</span> <span class='ocrx_word' id='word_1_141' title='bbox 1634 2255 2095 2335; x_wconf 79' lang='lat' dir='ltr'>tliseipulurum</span> <span class='ocrx_word' id='word_1_142' title='bbox 2151 2255 2287 2315; x_wconf 82' lang='lat' dir='ltr'>bre-</span> 
     </span>
     <span class='ocr_line' id='line_1_23' title="bbox 405 2339 2287 2407; baseline 0.001 -2"><span class='ocrx_word' id='word_1_143' title='bbox 405 2342 671 2405; x_wconf 86' lang='lat' dir='ltr'>vissima</span> <span class='ocrx_word' id='word_1_144' title='bbox 727 2339 1178 2404; x_wconf 86' lang='lat' dir='ltr'>tantummodo</span> <span class='ocrx_word' id='word_1_145' title='bbox 1234 2347 1302 2403; x_wconf 87' lang='lat' dir='ltr'>et</span> <span class='ocrx_word' id='word_1_146' title='bbox 1359 2342 1730 2405; x_wconf 81' lang='lat' dir='ltr'>acutissima</span> <span class='ocrx_word' id='word_1_147' title='bbox 1798 2343 2079 2403; x_wconf 70' lang='lat' dir='ltr'>eratione</span> <span class='ocrx_word' id='word_1_148' title='bbox 2143 2363 2287 2407; x_wconf 77' lang='lat' dir='ltr'>een-</span> 
     </span>
     <span class='ocr_line' id='line_1_24' title="bbox 408 2428 2287 2511; baseline -0.001 -19"><span class='ocrx_word' id='word_1_149' title='bbox 408 2430 762 2493; x_wconf 80' lang='lat' dir='ltr'>cinnaverit</span> <span class='ocrx_word' id='word_1_150' title='bbox 828 2448 904 2491; x_wconf 92' lang='lat' dir='ltr'>ea</span> <span class='ocrx_word' id='word_1_151' title='bbox 970 2428 1318 2509; x_wconf 90' lang='lat' dir='ltr'>copiosiore</span> <span class='ocrx_word' id='word_1_152' title='bbox 1393 2431 1734 2494; x_wconf 83' lang='lat' dir='ltr'>verborum</span> <span class='ocrx_word' id='word_1_153' title='bbox 1802 2439 2119 2511; x_wconf 76' lang='lat' dir='ltr'>apparatu</span> <span class='ocrx_word' id='word_1_154' title='bbox 2195 2431 2287 2495; x_wconf 6' lang='lat' dir='ltr'>ins-2</span> 
     </span>
     <span class='ocr_line' id='line_1_25' title="bbox 408 2518 2287 2600; baseline 0.001 -19"><span class='ocrx_word' id='word_1_155' title='bbox 408 2524 694 2594; x_wconf 88' lang='lat' dir='ltr'>strueret,</span> <span class='ocrx_word' id='word_1_156' title='bbox 742 2518 958 2598; x_wconf 88' lang='lat' dir='ltr'>plures</span> <span class='ocrx_word' id='word_1_157' title='bbox 1003 2518 1267 2598; x_wconf 83' lang='lat' dir='ltr'>insuper</span> <span class='ocrx_word' id='word_1_158' title='bbox 1312 2519 1658 2600; x_wconf 86' lang='lat' dir='ltr'>scripturae</span> <span class='ocrx_word' id='word_1_159' title='bbox 1706 2519 1878 2583; x_wconf 81' lang='lat' dir='ltr'>luens</span> <span class='ocrx_word' id='word_1_160' title='bbox 1926 2543 1962 2583; x_wconf 91' lang='lat' dir='ltr'>a</span> <span class='ocrx_word' id='word_1_161' title='bbox 2002 2519 2287 2583; x_wconf 81' lang='lat' dir='ltr'>Lutheru</span> 
     </span>
     <span class='ocr_line' id='line_1_26' title="bbox 405 2605 2283 2688; baseline 0.001 -19"><span class='ocrx_word' id='word_1_162' title='bbox 405 2605 886 2688; x_wconf 87' lang='lat' dir='ltr'>praetermissos</span> <span class='ocrx_word' id='word_1_163' title='bbox 946 2605 1248 2670; x_wconf 85' lang='lat' dir='ltr'>adiiceret</span> <span class='ocrx_word' id='word_1_164' title='bbox 1305 2614 1370 2670; x_wconf 90' lang='lat' dir='ltr'>et</span> <span class='ocrx_word' id='word_1_165' title='bbox 1413 2608 1902 2688; x_wconf 74' lang='lat' dir='ltr'>diligentissime</span> <span class='ocrx_word' id='word_1_166' title='bbox 1962 2615 2283 2671; x_wconf 80' lang='lat' dir='ltr'>traetaret.</span> 
     </span>
     <span class='ocr_line' id='line_1_27' title="bbox 404 2695 2287 2779; baseline 0.001 -21"><span class='ocrx_word' id='word_1_167' title='bbox 404 2697 736 2759; x_wconf 87' lang='lat' dir='ltr'>Praeterea</span> <span class='ocrx_word' id='word_1_168' title='bbox 779 2716 861 2758; x_wconf 93' lang='lat' dir='ltr'>ex</span> <span class='ocrx_word' id='word_1_169' title='bbox 903 2696 1078 2759; x_wconf 88' lang='lat' dir='ltr'>bona</span> <span class='ocrx_word' id='word_1_170' title='bbox 1105 2702 1322 2759; x_wconf 86' lang='lat' dir='ltr'>mente</span> <span class='ocrx_word' id='word_1_171' title='bbox 1353 2695 1878 2760; x_wconf 84' lang='lat' dir='ltr'>adnotatienibus</span> <span class='ocrx_word' id='word_1_172' title='bbox 1914 2699 1994 2759; x_wconf 80' lang='lat' dir='ltr'>ad</span> <span class='ocrx_word' id='word_1_173' title='bbox 2030 2699 2287 2779; x_wconf 73' lang='lat' dir='ltr'>singula</span> 
     </span>
     <span class='ocr_line' id='line_1_28' title="bbox 404 2783 2287 2865; baseline 0 -18"><span class='ocrx_word' id='word_1_174' title='bbox 404 2783 751 2848; x_wconf 89' lang='lat' dir='ltr'>bibliorum</span> <span class='ocrx_word' id='word_1_175' title='bbox 795 2792 1134 2861; x_wconf 78' lang='lat' dir='ltr'>commata,</span> <span class='ocrx_word' id='word_1_176' title='bbox 1181 2785 1252 2847; x_wconf 92' lang='lat' dir='ltr'>in</span> <span class='ocrx_word' id='word_1_177' title='bbox 1298 2785 1536 2865; x_wconf 89' lang='lat' dir='ltr'>quibus</span> <span class='ocrx_word' id='word_1_178' title='bbox 1565 2786 1882 2847; x_wconf 51' lang='lat' dir='ltr'>liutherus</span> <span class='ocrx_word' id='word_1_179' title='bbox 1918 2807 2287 2851; x_wconf 76' lang='lat' dir='ltr'>sermenem</span> 
     </span>
     <span class='ocr_line' id='line_1_29' title="bbox 406 2873 2283 2957; baseline 0.002 -20"><span class='ocrx_word' id='word_1_180' title='bbox 406 2893 597 2937; x_wconf 90' lang='lat' dir='ltr'>suum</span> <span class='ocrx_word' id='word_1_181' title='bbox 641 2875 742 2938; x_wconf 88' lang='lat' dir='ltr'>vel</span> <span class='ocrx_word' id='word_1_182' title='bbox 800 2880 1059 2957; x_wconf 88' lang='lat' dir='ltr'>propter</span> <span class='ocrx_word' id='word_1_183' title='bbox 1116 2873 1423 2955; x_wconf 87' lang='lat' dir='ltr'>temporis</span> <span class='ocrx_word' id='word_1_184' title='bbox 1484 2875 1846 2955; x_wconf 75' lang='lat' dir='ltr'>angustiam</span> <span class='ocrx_word' id='word_1_185' title='bbox 1906 2875 2283 2955; x_wconf 76' lang='lat' dir='ltr'>saepissime</span> 
     </span>
     <span class='ocr_line' id='line_1_30' title="bbox 405 2962 2283 3043; baseline 0.002 -18"><span class='ocrx_word' id='word_1_186' title='bbox 405 2963 530 3026; x_wconf 89' lang='lat' dir='ltr'>cito</span> <span class='ocrx_word' id='word_1_187' title='bbox 591 2963 918 3043; x_wconf 87' lang='lat' dir='ltr'>abruperit</span> <span class='ocrx_word' id='word_1_188' title='bbox 933 3013 948 3039; x_wconf 92' lang='lat'>,</span> <span class='ocrx_word' id='word_1_189' title='bbox 1008 2962 1109 3026; x_wconf 76' lang='lat' dir='ltr'>vel</span> <span class='ocrx_word' id='word_1_190' title='bbox 1166 2963 1541 3026; x_wconf 84' lang='lat' dir='ltr'>volubiliore</span> <span class='ocrx_word' id='word_1_191' title='bbox 1602 2963 1906 3043; x_wconf 69' lang='lat' dir='ltr'>rhythme</span> <span class='ocrx_word' id='word_1_192' title='bbox 1966 2971 2030 3027; x_wconf 88' lang='lat' dir='ltr'>et</span> <span class='ocrx_word' id='word_1_193' title='bbox 2083 2967 2283 3027; x_wconf 64' lang='lat' dir='ltr'>abun*</span> 
     </span>
     <span class='ocr_line' id='line_1_31' title="bbox 404 3050 2283 3132; baseline 0.001 -19"><span class='ocrx_word' id='word_1_194' title='bbox 404 3052 692 3115; x_wconf 86' lang='lat' dir='ltr'>dantiore</span> <span class='ocrx_word' id='word_1_195' title='bbox 763 3050 1235 3132; x_wconf 84' lang='lat' dir='ltr'>pronunciandi</span> <span class='ocrx_word' id='word_1_196' title='bbox 1301 3051 1547 3114; x_wconf 89' lang='lat' dir='ltr'>ratione</span> <span class='ocrx_word' id='word_1_197' title='bbox 1616 3051 2002 3131; x_wconf 70' lang='lat' dir='ltr'>prefutlerit,</span> <span class='ocrx_word' id='word_1_198' title='bbox 2083 3071 2283 3131; x_wconf 76' lang='lat' dir='ltr'>quam</span> 
     </span>
     <span class='ocr_line' id='line_1_32' title="bbox 403 3138 2283 3219; baseline 0.001 -18"><span class='ocrx_word' id='word_1_199' title='bbox 403 3140 518 3219; x_wconf 89' lang='lat' dir='ltr'>qui</span> <span class='ocrx_word' id='word_1_200' title='bbox 585 3141 666 3202; x_wconf 91' lang='lat' dir='ltr'>ab</span> <span class='ocrx_word' id='word_1_201' title='bbox 734 3138 866 3202; x_wconf 81' lang='lat' dir='ltr'>ullo</span> <span class='ocrx_word' id='word_1_202' title='bbox 936 3140 1201 3203; x_wconf 90' lang='lat' dir='ltr'>omnino</span> <span class='ocrx_word' id='word_1_203' title='bbox 1270 3140 1638 3203; x_wconf 87' lang='lat' dir='ltr'>auditorum</span> <span class='ocrx_word' id='word_1_204' title='bbox 1706 3143 1858 3203; x_wconf 84' lang='lat' dir='ltr'>satis</span> <span class='ocrx_word' id='word_1_205' title='bbox 1930 3147 1994 3203; x_wconf 87' lang='lat' dir='ltr'>et</span> <span class='ocrx_word' id='word_1_206' title='bbox 2063 3151 2283 3203; x_wconf 90' lang='lat' dir='ltr'>mente</span> 
     </span>
     <span class='ocr_line' id='line_1_33' title="bbox 402 3228 2279 3311; baseline 0.001 -21"><span class='ocrx_word' id='word_1_207' title='bbox 402 3228 838 3307; x_wconf 87' lang='lat' dir='ltr'>memoriaque</span> <span class='ocrx_word' id='word_1_208' title='bbox 884 3229 1095 3310; x_wconf 88' lang='lat' dir='ltr'>excipi</span> <span class='ocrx_word' id='word_1_209' title='bbox 1139 3235 1206 3292; x_wconf 91' lang='lat' dir='ltr'>et</span> <span class='ocrx_word' id='word_1_210' title='bbox 1248 3229 1396 3291; x_wconf 86' lang='lat' dir='ltr'>stilo</span> <span class='ocrx_word' id='word_1_211' title='bbox 1427 3231 1678 3311; x_wconf 79' lang='lat' dir='ltr'>concipi</span> <span class='ocrx_word' id='word_1_212' title='bbox 1722 3231 2018 3311; x_wconf 75' lang='lat' dir='ltr'>potuerit,</span> <span class='ocrx_word' id='word_1_213' title='bbox 2071 3251 2279 3291; x_wconf 87' lang='lat' dir='ltr'>emen-</span> 
     </span>
     <span class='ocr_line' id='line_1_34' title="bbox 402 3315 2279 3399; baseline 0.003 -21"><span class='ocrx_word' id='word_1_214' title='bbox 402 3315 580 3379; x_wconf 89' lang='lat' dir='ltr'>davit</span> <span class='ocrx_word' id='word_1_215' title='bbox 622 3316 694 3378; x_wconf 91' lang='lat' dir='ltr'>in</span> <span class='ocrx_word' id='word_1_216' title='bbox 740 3316 909 3380; x_wconf 85' lang='lat' dir='ltr'>foliis</span> <span class='ocrx_word' id='word_1_217' title='bbox 954 3338 1156 3382; x_wconf 89' lang='lat' dir='ltr'>manu</span> <span class='ocrx_word' id='word_1_218' title='bbox 1209 3317 1465 3398; x_wconf 89' lang='lat' dir='ltr'>scriptis</span> <span class='ocrx_word' id='word_1_219' title='bbox 1522 3318 1946 3380; x_wconf 78' lang='lat' dir='ltr'>desideranda</span> <span class='ocrx_word' id='word_1_220' title='bbox 2006 3323 2279 3399; x_wconf 63' lang='grc'>1111111111-</span> 
     </span>
     <span class='ocr_line' id='line_1_35' title="bbox 400 3404 2280 3488; baseline 0.001 -22"><span class='ocrx_word' id='word_1_221' title='bbox 400 3411 584 3467; x_wconf 84' lang='lat' dir='ltr'>turus</span> <span class='ocrx_word' id='word_1_222' title='bbox 653 3411 718 3468; x_wconf 89' lang='lat' dir='ltr'>et</span> <span class='ocrx_word' id='word_1_223' title='bbox 785 3404 1084 3469; x_wconf 88' lang='lat' dir='ltr'>addenda</span> <span class='ocrx_word' id='word_1_224' title='bbox 1151 3405 1315 3469; x_wconf 85' lang='lat' dir='ltr'>scitu</span> <span class='ocrx_word' id='word_1_225' title='bbox 1384 3406 1582 3488; x_wconf 86' lang='lat' dir='ltr'>digna</span> <span class='ocrx_word' id='word_1_226' title='bbox 1650 3427 1722 3469; x_wconf 89' lang='lat' dir='ltr'>ae</span> <span class='ocrx_word' id='word_1_227' title='bbox 1782 3411 2143 3471; x_wconf 74' lang='lat' dir='ltr'>neeesse-ria</span> <span class='ocrx_word' id='word_1_228' title='bbox 2199 3431 2280 3471; x_wconf 74' lang='lat' dir='ltr'>ex</span> 
     </span>
     <span class='ocr_line' id='line_1_36' title="bbox 398 3493 2279 3575; baseline 0.002 -20"><span class='ocrx_word' id='word_1_229' title='bbox 398 3493 665 3557; x_wconf 85' lang='lat' dir='ltr'>Lutheri</span> <span class='ocrx_word' id='word_1_230' title='bbox 737 3496 1028 3575; x_wconf 83' lang='lat' dir='ltr'>magistri</span> <span class='ocrx_word' id='word_1_231' title='bbox 1112 3495 1432 3558; x_wconf 86' lang='lat' dir='ltr'>sententia</span> <span class='ocrx_word' id='word_1_232' title='bbox 1448 3545 1463 3572; x_wconf 89' lang='lat'>,</span> <span class='ocrx_word' id='word_1_233' title='bbox 1555 3495 1914 3571; x_wconf 68' lang='lat' dir='ltr'>vuluntate,</span> <span class='ocrx_word' id='word_1_234' title='bbox 2010 3499 2279 3559; x_wconf 81' lang='lat' dir='ltr'>eunsssie</span> 
     </span>
     <span class='ocr_line' id='line_1_37' title="bbox 401 3582 2279 3666; baseline 0.001 -21"><span class='ocrx_word' id='word_1_235' title='bbox 401 3582 754 3647; x_wconf 65' lang='lat' dir='ltr'>additurus</span> <span class='ocrx_word' id='word_1_236' title='bbox 825 3584 904 3647; x_wconf 90' lang='lat' dir='ltr'>Id</span> <span class='ocrx_word' id='word_1_237' title='bbox 950 3582 1124 3664; x_wconf 90' lang='lat' dir='ltr'>quod</span> <span class='ocrx_word' id='word_1_238' title='bbox 1167 3584 1307 3665; x_wconf 91' lang='lat' dir='ltr'>ipse</span> <span class='ocrx_word' id='word_1_239' title='bbox 1337 3585 1630 3666; x_wconf 86' lang='lat' dir='ltr'>pluribus</span> <span class='ocrx_word' id='word_1_240' title='bbox 1666 3583 1822 3647; x_wconf 80' lang='lat' dir='ltr'>lueis</span> <span class='ocrx_word' id='word_1_241' title='bbox 1854 3587 2279 3647; x_wconf 78' lang='lat' dir='ltr'>libentissime</span> 
     </span>
     <span class='ocr_line' id='line_1_38' title="bbox 401 3672 2275 3755; baseline 0.001 -21"><span class='ocrx_word' id='word_1_242' title='bbox 401 3672 682 3737; x_wconf 87' lang='lat' dir='ltr'>affirmat</span> <span class='ocrx_word' id='word_1_243' title='bbox 727 3679 792 3735; x_wconf 90' lang='lat' dir='ltr'>et</span> <span class='ocrx_word' id='word_1_244' title='bbox 835 3692 969 3735; x_wconf 93' lang='lat' dir='ltr'>non</span> <span class='ocrx_word' id='word_1_245' title='bbox 1013 3679 1150 3735; x_wconf 89' lang='lat' dir='ltr'>tam</span> <span class='ocrx_word' id='word_1_246' title='bbox 1195 3672 1278 3735; x_wconf 88' lang='lat' dir='ltr'>ad</span> <span class='ocrx_word' id='word_1_247' title='bbox 1326 3674 1427 3736; x_wconf 90' lang='lat' dir='ltr'>sui</span> <span class='ocrx_word' id='word_1_248' title='bbox 1472 3683 1606 3739; x_wconf 91' lang='lat' dir='ltr'>met</span> <span class='ocrx_word' id='word_1_249' title='bbox 1650 3675 1670 3735; x_wconf 88' lang='lat' dir='ltr'>i</span> <span class='ocrx_word' id='word_1_250' title='bbox 1674 3675 1854 3755; x_wconf 84' lang='lat' dir='ltr'>psius</span> <span class='ocrx_word' id='word_1_251' title='bbox 1902 3675 2091 3735; x_wconf 83' lang='lat' dir='ltr'>satisf</span> <span class='ocrx_word' id='word_1_252' title='bbox 2091 3675 2275 3739; x_wconf 76' lang='grc'>1111111-</span> 
     </span>
     <span class='ocr_line' id='line_1_39' title="bbox 399 3758 2275 3841; baseline 0.001 -19"><span class='ocrx_word' id='word_1_253' title='bbox 399 3781 550 3822; x_wconf 93' lang='lat' dir='ltr'>nem</span> <span class='ocrx_word' id='word_1_254' title='bbox 609 3781 806 3840; x_wconf 85' lang='lat' dir='ltr'>quam</span> <span class='ocrx_word' id='word_1_255' title='bbox 867 3761 949 3823; x_wconf 90' lang='lat' dir='ltr'>ad</span> <span class='ocrx_word' id='word_1_256' title='bbox 1009 3758 1217 3841; x_wconf 88' lang='lat' dir='ltr'>operis</span> <span class='ocrx_word' id='word_1_257' title='bbox 1276 3763 1898 3828; x_wconf 69' lang='lat' dir='ltr'>commendationem</span> <span class='ocrx_word' id='word_1_258' title='bbox 1962 3763 2275 3827; x_wconf 81' lang='lat' dir='ltr'>eeneedit.</span> 
     </span>
    </p>
   </div>
   <div class='ocr_carea' id='block_1_3' title="bbox 2528 145 2552 2100">
    <p class='ocr_par' dir='ltr' id='par_1_3' title="bbox 2528 145 2552 2100">
     <span class='ocr_line' id='line_1_40' title="bbox 2528 145 2552 2100; baseline 0 0"><span class='ocrx_word' id='word_1_259' title='bbox 2528 145 2552 2100; x_wconf 95' lang='lat' dir='ltr'> </span> 
     </span>
    </p>
   </div>
  </div>
 </body>
</html>
