2584 4267
412 286 511 351 Joeus
534 287 719 377 prophetae.
972 288 1034 359 res
1136 261 1141 269 ‘

113 466 175 528 Non
195 464 280 527 enim
308 463 400 529 decet
426 464 605 527 orationem
636 482 705 527 esse
735 460 938 542 languidam,
971 465 1033 527 eiu·

112 572 220 616 cesoere
232 552 277 615 -in
300 572 345 616 ea·
360 552 457 618 debet
470 553 561 617 fides.
601 552 729 627 Quanto
744 558 854 621 autem
869 551 1034 628 calamitas

112 641 242 705 redditur
270 640 407 706 atrocior
436 648 526 705 tanto
557 641 684 705 facilius
718 640 885 708 exauditio
902 642 1034 722 ‚sperari

111 725 228 811 potest¹
289 731 362 795 Non
400 730 499 811 igitur
533 729 595 793 eris
628 728 827 809 battologus,
863 727 892 791 si
925 737 1035 793 contra

112 818 255 889 troicum
277 825 454 899 tyrannum
476 838 571 882 orans
594 818 749 881 intuearis
780 818 889 881 animo
912 818 1033 890 Panno·

112 907 179 982 nias,
201 907 433 984 Macedoniam,
452 907 630 983 Graeciam,
646 906 768 982 Asiam,
793 908 1033 988 totpraeciaras

111 994 258 1072 ecclesias,
298 1002 347 1059 tot
379 996 483 1061 millia
516 996 705 1071 hominum,
740 994 798 1074 qui
836 1002 893 1081 aut
923 996 1033 1075 gladic

111 1084 257 1163 perierunt
271 1090 329 1148 aut
343 1083 576 1164 degenerarunt
587 1084 623 1147 in
635 1083 806 1145 Turcicum
821 1084 1032 1165 impietatem.

113 1172 262 1237 Excitatus
285 1172 381 1241 enirn
397 1174 459 1237 hoc
481 1173 579 1237 modo
594 1172 723 1235 animus
738 1172 782 1234 ad
797 1171 1033 1251 diligentiorem

111 1260 269 1343 orationem
297 1266 331 1324 et
358 1261 400 1323 sd
430 1262 597 1325 certiorem
623 1260 778 1323 fiduciam
805 1260 1031 1339 exauditionis,

110 1348 253 1427 siquidem
276 1349 358 1413 deus
380 1349 559 1413 misericors
582 1356 615 1413 et
636 1350 741 1419 bonus
763 1356 822 1426 est,
846 1369 905 1414 nec
926 1356 1032 1431 potest

110 1436 220 1517 longius
241 1439 377 1517 tolerare
399 1444 525 1503 tantam
548 1437 779 1508 crudelitatem.

114 1525 123 1563 ἴ
187 1520 263 1597 ²Sed
286 1527 342 1591 hic
357 1526 556 1591 observanda
569 1528 669 1590 etiam
684 1533 732 1590 est
747 1525 920 1609 emphasis,
944 1526 1032 1607 quod

111 1612 176 1681 dicit
204 1617 371 1697 propheta
428 1615 481 1699 Ad
517 1623 550 1679 te
587 1616 691 1679 clamo
725 1616 814 1680 deus.
872 1616 1033 1679 Discernit

111 1702 182 1765 enim
202 1704 262 1767 hoe
284 1704 384 1769 modo
407 1724 501 1768 suam
523 1710 556 1769 et
578 1705 629 1769 sui
651 1705 764 1785 populi
790 1705 968 1769 orationem
990 1704 1032 1766 ab

111 1790 292 1855 ethnicorum
324 1794 531 1857 orationibus.
577 1793 612 1858 si
638 1793 737 1856 verba
763 1799 902 1874 spectes,
933 1793 1033 1855 etiam

100 1876 221 1957 110000,
244 1882 345 1945 etiam
359 1882 476 1945 Judaei
497 1881 595 1946 hodie
617 1879 663 1946 in.
675 1881 764 1944 hunc
778 1877 914 1944 modum
929 1886 1030 1958 orant,
1062 1906 1064 1910 ·

111 1972 141 2035 ut
157 1967 272 2035 dicant:
300 1969 356 2033 Ad·
376 1977 407 2034 te
430 1965 510 2035 deus
534 1972 646 2035 clamo.
692 1970 747 2032 Ac·
762 1970 947 2049 intelligunt
968 1966 1034 2050 ipsi

111 2073 218 2137 quoque
250 2066 419 2123 aeternum
452 2054 533 2123 illud
567 2072 705 2134 numen,
736 2078 756 2119 a
784 2077 850 2138 quo
883 2058 1032 2121 universa

111 2150 173 2207 sunt
196 2148 333 2211 condita.
379 2147 442 2211 Sed
468 2149 530 2215 hoc
564 2148 712 2213 nondum
743 2152 794 2209 est
826 2146 925 2210 deum
959 2166 1032 2209 vere

113 2250 202 2311 nosse,
240 2236 269 2299 si
307 2234 394 2299 noris
428 2256 504 2301 eum
541 2255 610 2299 esse
648 2235 854 2299 conditorem
885 2234 1032 2298 omnium

112 2338 212 2399 rerum,
242 2325 328 2389 sicut
357 2325 445 2387 enim
474 2324 643 2389 hominem
665 2323 813 2388 nondum
839 2323 971 2400 novisti,
1003 2324 1033 2387 si

114 2416 213 2473 vestem
234 2419 291 2476 aut
314 2433 349 2477 os
372 2407 488 2477 noris³
526 2413 615 2483 Haeo
637 2412 727 2478 enim
741 2412 888 2476 iumenta
901 2432 1031 2493 quoque

112 2494 259 2564 observant
281 2507 315 2565 et
337 2507 470 2579 norunt,
502 2508 646 2565 mentem
672 2502 824 2578 sineris,
856 2507 934 2565 tunc
956 2521 1029 2565 vere

113 2600 173 2651 tum
191 2589 316 2653 novisti.
361 2590 414 2653 Ad
442 2592 531 2654 hunc
558 2590 694 2654 modum
723 2590 781 2671 qui
807 2591 881 2672 plus
904 2590 944 2653 de
968 2590 1028 2653 deo

113 2688 165 2735 uon
183 2684 306 2755 norunt,
331 2698 430 2759 quam
453 2679 541 2760 quod
556 2680 702 2743 conditor
715 2680 759 2742 sit
773 2680 853 2743 00011
868 2684 901 2741 et
918 2685 1029 2755 terrae,

114 2778 170 2823 vere
199 2764 295 2831 deum
329 2768 493 2846 nesciunt,
529 2788 589 2832 000
621 2772 759 2849 possunt
784 2787 856 2830 vere
882 2768 1031 2830 invocare

113 2846 200 2915 dem.
244 2855 330 2931 Quia
351 2856 440 2919 enim
463 2856 610 2921 animum
632 2854 702 2931 dei,
733 2854 838 2934 qualis
862 2853 919 2928 sit,
942 2854 1030 2933 igno·

114 2944 185 3016 rant,
214 2950 370 3025 coguntur
392 2945 545 3009 dubitare
563 2964 638 3009 cum
666 2950 774 3020 orant,
806 2962 866 3005 nec
894 2948 1031 3024 possunt

114 3028 229 3094 statuere
250 3033 330 3097 certi
352 3034 476 3115 aliquid
498 3033 539 3097 de
561 3032 778 3099 exauditione.

186 3112 377 3203 ⁴Prophetae
406 3128 516 3187 autem
544 3122 607 3184 alia
639 3119 800 3186 invocatio
833 3125 896 3196 est,
932 3117 1030 3183 deum

114 3202 310 3301 e}11111,quem
332 3211 462 3275 invocat
482 3228 555 3276 vere
578 3210 678 3285 novit,
702 3229 768 3273 non
791 3209 897 3272 solum
913 3228 956 3271 ex
969 3209 1030 3273 hoc

113 3304 168 3354 erus
187 3311 291 3377 opere,
322 3300 409 3381 quod
433 3301 533 3364 oculis
556 3299 739 3363 subiectum
767 3303 832 3375 est,
864 3298 951 3380 quod
982 3305 1030 3361 est

167 3380 237 3447 ditor
265 3392 297 3450 et
324 3394 524 3453 conservator
557 3388 657 3453 totius
691 3392 869 3464 creaturae,
904 3386 961 3451 sed
989 3407 1030 3451 ex

167 3530 307 3547 ¹¹⁸—-

187 3608 211 3677 1)
229 3611 323 3669 Oratio
341 3613 428 3670 debet
446 3612 554 3671 ardere.
590 3616 618 3684 2)
638 3615 807 3671 Differentia
828 3615 905 3668 inter
929 3613 1029 3667 oratio

171 3681 320 3809 diffidam
331 3690 360 3741 et
371 3699 478 3742 veram.
506 3686 535 3755 3)
554 3687 597 3742 De
609 3686 713 3741 notitia
725 3686 902 3754 imperfecta.
931 3681 960 3749 4)
973 3683 1028 3735 1)οἰ
