2584 4267
464 300 591 361 134

1159 302 1628 381 Prolegomena.

639 497 908 558 scapum
954 478 1278 541 octonaria
1324 478 1532 539 forma
1576 484 1918 541 consutum
1966 479 2347 551 conficiunt,

637 572 712 628 ut
756 587 871 647 pro
926 586 1060 629 una
1116 566 1471 647 eademque
1521 567 1749 629 haberi
1805 575 2098 647 possent,
2162 587 2347 647 prae-

639 656 858 719 sertim
889 675 1093 735 quum
1122 656 1194 718 in
1222 656 1432 735 primo
1455 675 1643 719 versu
1670 654 2002 735 utriusque
2038 655 2351 719 editioniss

637 744 821 808 litera
874 746 930 806 R
986 746 1051 807 vi
1104 745 1266 825 preli
1324 744 1394 806 in
1453 750 1644 825 typos
1702 743 2134 823 impriment-ifl-
2202 763 2347 807 con-

639 832 839 895 fracta
885 839 1207 913 appareat,
1257 833 1386 895 nisi
1430 853 1512 894 ex
1555 834 1729 914 typis
1776 832 1860 895 ad
1890 831 2351 895 adnotatione-5

638 922 1020 1001 marginales
1065 920 1374 985 adhibitis
1420 927 1485 984 et
1530 938 1612 984 ‘ex
1650 920 2038 1002 quibusdan]
2074 923 2351 999 syllabis

638 1015 774 1071 tam
833 1010 958 1072 alia
1009 1009 1254 1073 ratione
1315 1010 1536 1073 divisis
1596 1029 1794 1090 quam
1862 1031 1942 1071 ex
2010 1011 2219 1071 altera
2283 1011 2351 1071 in

640 1099 906 1161 alteram
950 1099 1270 1179 pagellam
1314 1099 1639 1162 translatis
1693 1099 1958 1179 perinde
2018 1107 2219 1179 atque
2271 1119 2351 1159 ex

638 1187 1020 1250 mendorum
1063 1188 1673 1269 typographicorum
1715 1188 1787 1250 in
1832 1187 2114 1251 editione
2170 1191 2344 1267 prin-

639 1276 778 1356 cipe
810 1276 1022 1339 adhuc
1052 1277 1388 1340 obviorum
1418 1276 1865 1341 emendatione
1906 1275 2343 1350 edoceremur,

638 1384 873 1428 novam
918 1384 1001 1427 ex
1044 1364 1469 1429 fundamento
1514 1385 1652 1429 esse
1698 1364 2062 1428 editionem.

771 1453 1021 1515 Primae
1050 1454 1344 1533 plagulae
1376 1454 1605 1516 folium
1634 1454 1938 1516 ultimum
1970 1459 2034 1515 et
2066 1455 2347 1515 ‘ult-imae

638 1541 932 1620 plagulae
978 1542 1208 1605 folium
1252 1542 1726 1624 paenultimum
1769 1548 1835 1605 et
1873 1543 2347 1623 antepaenulti-

640 1648 842 1705 mum,
891 1650 1010 1693 nec
1055 1651 1187 1694 non
1234 1631 1473 1713 pagina
1502 1629 1902 1712 paenultima
1930 1651 2134 1693 vacua
2170 1639 2347 1691 aunt,

642 1718 1052 1799 Exemplaria
1095 1720 1273 1783 haud
1320 1739 1463 1783 rara
1507 1726 1731 1783 extant
1775 1724 1840 1783 et
1886 1719 1954 1779 in
1998 1719 2347 1799 permultis

641 1814 1048 1871 asservantur
1089 1808 1494 1872 bibliothecis
1541 1816 1606 1871 et
1648 1808 1922 1891 publicis
1954 1815 2018 1871 et
2046 1807 2343 1887 privatis,

639 1901 704 1958 et
771 1916 1244 1977 nonnunquam
1302 1896 1672 1961 venduntur
1738 1917 1779 1959 a
1843 1897 2150 1971 librariis„
2231 1899 2343 1975 qui
2443 1959 2447 1963 .

637 1991 925 2049 veterum
968 1984 1280 2048 librorum
1324 1987 1657 2049 thesauros
1688 1987 2110 2067 proscribunt,
2162 1987 2343 2047 unde

638 2080 703 2136 et
747 2093 968 2136 meum
1013 2075 1341 2156 exemplar
1385 2074 1666 2138 conduxi
1708 2074 1862 2137 huic
1910 2083 2162 2135 nst-strae
2215 2075 2343 2135 edi-

636 2161 798 2224 tioni
843 2164 1246 2243 propositum
1289 2163 1674 2227 mendorum
1703 2171 2022 2243 quantum
2066 2163 2219 2223 vain
2227 2163 2347 2227 erit

639 2268 865 2330 expers
912 2249 1025 2313 sed
1071 2251 1156 2314 ad
1199 2252 1407 2314 varias
1454 2252 1751 2315 editionis
1798 2258 1863 2315 et
1906 2255 2343 2315 vuit-rember—

639 2339 852 2415 gensis
899 2345 964 2401 et
992 2338 1034 2402 J
1036 2340 1290 2401 enensis
1320 2340 1624 2404 lectiones
1672 2340 1990 2404 collatum.
2070 2343 2150 2403 Iu,
2198 2343 2343 2403 folii

637 2425 832 2506 primi
895 2427 1303 2509 inscriptioni
1367 2425 1771 2493 inservientis
1828 2435 2006 2507 tergo
2074 2447 2343 2491 carmen

639 2514 963 2577 invenitur
1008 2516 1360 2596 elegiacum
1404 2538 1705 2599 graecum
1748 2538 1982 2582 novam
2038 2519 2343 2579 distichis

639 2603 1006 2668 confectum
1061 2605 1134 2667 in
1191 2607 1374 2669 cuius
1421 2608 1629 2689 capite
1673 2608 1934 2687 legitur:
2002 2603 2178 2687 Περὶ
2235 2603 2343 2691 τῆς

642 2686 900 2777 ’Ῑωήλου
945 2688 1057 2757 τοῦ
1102 2691 1445 2781 προφήτου
1499 2696 1837 2780 ἑρμενείας
1886 2691 2339 2779 {immurmu-

638 2781 903 2867 σθείοης
968 2780 1101 2863 μὲν,
1159 2780 1323 2868 πρὸς
1382 2785 1723 2869 Μαρτῐνου
1788 2779 1898 2847 τοῦ
1946 2779 2339 2867 Ᾱῡυθῇρῡυ,

641 2866 1047 2958 ἐκδοθείσης,
1061 2869 1132 2936 δὲ
1176 2866 1309 2937 ὑπὸ
1352 2874 1557 2937 Βίτου
1601 2868 1712 2936 τοῦ
1756 2871 2122 2955 Θεοᾶιῇρου,
2174 2875 2339 2939 iuci-

639 2958 858 3041 piens:
923 2953 1149 3038 ,Οὗτος
1207 2955 1453 3047 ἷωῆλοί
1512 2957 1683 3044 ἱερὸς
1744 2956 1938 3031 πόνος
1994 2959 2126 3023 ἐστὶ
2174 2983 2339 3047 προ-

636 3043 846 3133 φήτου
899 3049 1050 3127 xri,-
1111 3057 1175 3114 et
1231 3052 1691 3132 subscriptum:
1756 3042 1871 3114 ἄπ’
1930 3043 2339 3115 ἀνασκοπῶν.

635 3137 778 3198 Iam
833 3140 1121 3218 sequitur
1172 3140 1244 3202 in
1313 3138 1594 3204 secundo
1663 3139 1817 3203 folio
1882 3143 2150 3223 epistola
2227 3143 2339 3203 ma

637 3243 834 3303 quam
893 3246 1087 3309 supra
1137 3228 1271 3291 iam
1317 3228 1812 3292 commemoravi
1865 3249 2126 3311 nuncup
2134 3235 2335 3295 ator-ia

636 3332 710 3375 ac
741 3312 1146 3393 dedicatoria,
1195 3318 1266 3380 in
1295 3336 1427 3397 qua
1463 3317 1894 3380 miserrimum
1930 3319 2335 3395 (alemaniae,

637 3403 935 3466 ecclesiae
953 3454 966 3480 ‚
1039 3405 1268 3468 mnndi
1326 3406 1435 3468 illo
1506 3412 1794 3487 tempore
1867 3415 2110 3471 statum
2178 3411 2299 3471 atr?

635 3491 950 3555 coloribus
983 3494 1126 3556 stilo
1152 3494 1509 3558 commissis
1541 3494 1851 3576 depingit,
1886 3503 2313 3575 contemptun

639 3580 962 3660 religionis
981 3631 994 3657 ,
1041 3600 1268 3644 usuras
1287 3632 1300 3659 ,
1347 3582 1649 3647 libidines
1668 3634 1681 3659 ,
1730 3587 2050 3664 crapulae,
2114 3587 2311 3647 luxua

636 3670 997 3748 superbiaS,
1076 3670 1278 3734 immo
1348 3693 1571 3736 omnes
1649 3670 1942 3735 omnium
2018 3675 2311 3751 praevari

635 3758 914 3820 cationes
961 3758 1264 3840 deplorat,
1315 3760 1581 3843 perinde
1629 3780 1702 3824 ac
1731 3761 2046 3826 Lutheffls
2078 3763 2150 3823 in
2198 3763 2315 3823 suh

2462 10 2539 301 l

2531 518 2539 551 1
