2584 4267
68 251 76 264 '¹
183 277 256 372 ⁸418,
520 274 633 358 ,Caput
655 279 811 354 quartum

190 463 224 520 et
251 454 407 530 celebres,
443 449 606 534 siquidem
634 451 671 516 in
699 451 753 514 his
780 449 860 516 locis
893 449 1151 516 aemulabantur

191 541 406 608 sacerdotium
420 541 530 618 Iudae,
555 535 741 604 summum¹
770 539 823 603 dei
842 539 968 604 cultum
989 539 1146 604 institue·

190 633 270 696 bant
291 625 346 695 in'
372 629 425 694 his
446 629 540 705 locis,
565 625 622 693 sed
646 635 758 692 tamen
781 634 893 692 contra
914 629 1050 694 verbum
1072 629 1146 704 dei,

190 721 250 785 1161
278 713 370 801 ergo³
407 718 462 782 hic
490 719 580 782 locus
615 737 727 780 amara
760 715 921 800 quaedam
956 724 989 780 et
1023 717 1146 782 acerba

191 810 353 878 concessio¹
375 827 433 890 per
455 807 613 886 1161116111]ι
638 827 670 888 q.
694 805 745 871 d.:
776 806 847 886 Ego
872 806 1015 888 impium
1035 806 1144 870 istum

190 905 333 964 vestrum
356 897 479 959 cultum
501 894 638 972 damno,
667 893 825 977 prohibeo
847 913 904 960 vos
927 913 1065 976 semper,
1091 917 1143 959 116

191 1008 211 1050 a
233 987 322 1050 cultu
344 1005 402 1067 per
424 985 560 1050 verbum
581 1003 694 1047 meum
715 983 865 1069 instituto
888 983 1052 1060 recedatis,
1077 985 1142 1047 sed

190 1073 248 1141 v'os
277 1074 401 1156 egregie
428 1093 480 1136 me
511 1073 719 1137 contemnitis
753 1071 823 1135 et
811 1072 913 1175 impie
943 1092 1036 1152 agere
1064 1093 1140 1154 per-

191 1164 281 1246 gitis,
312 1163 452 1267 pergite,
463 1162 615 1266 pergite,
647 1162 743 1244 quasi
770 1180 846 1226 vero
875 1160 942 1224 iam
969 1166 1043 1224 ante
1066 1182 1142 1225 non

190 1244 1033 1336 611666116111111161116,31111611ωῇ161ῐέ
1080 1251 1142 1313 Ita

192 1342 308 1406 accidit
330 1339 513 1406 omnibus
503 1339 628 1423 impiis,
659 1345 698 1404 ut
719 1359 796 1402 cum
816 1337 895 1402 iusti
917 1357 986 1402 esse
1008 1339 1139 1416 volunt,

192 1451 268 1494 cum
290 1450 324 1493 se
347 1430 430 1493 bene
453 1429 557 1492 facere
579 1434 711 1511 putant,
741 1426 858 1491 iuditio
888 1426 942 1490 dei
963 1427 1141 1508 graviusst

88 1575 90 1579 .
191 1514 353 1602 peccent*

386 1691 388 1696 ’
502 1676 621 1739 Afferte
643 1695 741 1738 mane
763 1681 848 1738 eta*

282 1785 325 1847 Et
345 1786 407 1848 hoc
429 1783 503 1847 ad
493 1782 631 1846 uoniam
654 1782 802 1884 pertinet.
849 1780 970 1862 Magna
998 1781 1142 1844 audacia

191 1875 228 1937 111
249 1876 311 1937 hoo
333 1872 576 1956 prophetat
513 1872 576 1935 fuit
578 1871 667 1952 ,qui
690 1871 788 1934 etiam
811 1887 940 1934 summa
961 1876 995 1934 et
1009 1871 1142 1952 optima

191 1962 397 2044 inspeciem
427 1980 537 2044 opera,
568 1978 652 2040 quae
682 1959 742 2022 deo
772 1953 910 2022 1161111111ὕ
945 1978 1035 2036 vero,
1065 1979 1140 2023 non

192 2051 312 2117 veritus
338 2057 387 2115 est
408 2051 562 2114 damnare
585 2054 618 2111 et
640 2047 779 2111 reiicere

529 2208 645 2270 Tribus
669 2206 793 2300 diebus

282 2311 369 2397 Εςο6
406 2317 460 2378 hic
493 2333 609 2395 sequor
641 2313 761 2393 Lyrani
795 2313 1003 2390 sententiam,
1038 2334 1070 2394 q
1098 2313 1136 2378 d.

16 2410 25 2481 i
58 2399 70 2408 ⁸
109 2428 115 2440 ¹
192 2406 363 2488 propheta:
393 2405 460 2467 Vos
482 2401 651 2466 instituitis
674 2403 798 2465 cultum
825 2401 892 2477 dei,
923 2363 1143 2466 aemulamini

191 2493 322 2570 Iudam,
357 2492 415 2573 qui
447 2493 552 2571 legem
580 2489 681 2552 habet
709 2490 763 2552 dei
791 2496 829 2553 ut
862 2491 1050 2572 quottannis
1084 2496 1139 2554 ter

193 2601 299 2646 coram
328 2579 461 2644 domino
492 2577 658 2662 adpareat,
690 2579 773 2642 sicut
799 2579 898 2643 habet
925 2580 989 2642 lex.
1038 2579 1137 2642 Idem

192 2692 248 2737 vos
271 2690 400 2751 quoque
423 2669 600 2745 sectamini,
625 2668 916 2748 convenientesque
939 2668 1136 2751 praedicatis

27 2719 41 2798 s
73 2802 78 2812 ·
193 2781 230 2825 ac
263 2760 485 2842 multiplicatis
519 2758 723 2839 impietatem
756 2762 911 2835 vestram,
951 2757 1029 2838 quia
1061 2757 1138 2819 sine

282 2934 308 3000 ·)
328 2933 471 3001 Quicquid
490 2946 549 2986 non
568 2935 613 2985 est
631 2945 669 2984 ex
686 2929 744 2984 fide
762 2935 912 2998 peccatum
929 2910 983 2984 est}

282 3095 309 3163 1)
329 3095 422 3148 deest:
442 3106 595 3148 summum.
626 3090 755 3157 Legitur:
774 3094 804 3144 et
822 3090 869 3143 dei
889 3105 950 3158 sqq.
988 3089 1016 3158 2)
1037 3090 1135 3144 deest·

81 3178 91 3192 ·
118 3185 120 3188 ·
191 3167 224 3219 in
242 3166 289 3219 his
307 3165 392 3235 locis,
412 3165 464 3218 sed
482 3167 588 3217 tamen
625 3160 655 3228 3)
674 3165 779 3215 autem.
816 3160 845 3229 4)
865 3161 948 3215 deest
969 3162 1136 3228 germanica

192 3236 399 3303 interpretatio.
436 3231 1136 3302 1161616166.6)(16611161161661161116

192 3307 293 3362 hie-
312 3305 396 3360 instit
396 3305 449 3360 uit.
477 3304 594 3371 legitur
612 3303 739 3357 nilnisi:
759 3303 877 3358 Rectius
895 3306 1004 3387 1611661
1022 3303 1136 3358 11116116

193 3377 320 3444 decimas
337 3380 448 3432 vestras
467 3375 553 3430 tertio
570 3375 626 3428 die.
664 3374 738 3428 Sunt
754 3374 878 3428 autem
869 3373 997 3429 monicae
1020 3389 1135 3430 conces

193 3450 306 3518 siones,
343 3447 504 3502 cuiusmodi
534 3446 642 3501 multae
672 3445 704 3500 in
735 3445 800 3500 aliis
831 3461 945 3516 quoque
980 3445 1135 3514 prophetis

192 3522 332 3588 leguntur.

281 3677 311 3747 1)
336 3677 449 3732 Ironica
476 3677 630 3732 concessio.
677 3675 725 3745 ††)
749 3675 836 3744 Impii
864 3675 926 3731 suis
953 3674 1074 3729 iustitiis
1101 3680 1135 3728 et

193 3750 327 3816 operibus
345 3749 460 3816 gravius
477 3752 605 3816 peccant.
1148 3775 1150 3777 ·
