2584 4267
243 309 308 379 294
579 312 686 396 Caput
707 312 838 376 tertium

241 491 391 575 spiritum
425 495 589 568 sanctum,
624 490 653 553 is
688 509 754 552 non
783 507 849 552 uno
876 507 993 572 genere
1022 488 1183 553 donorum

241 599 316 643 suos
346 584 448 643 ornat.
492 577 638 642 Primum
668 584 717 642 est
745 579 867 658 agnitio
895 577 949 641 dei
972 597 1062 655 vera,
1096 581 1184 660 quod

240 667 321 732 deus
355 674 442 732 amet
475 687 550 745 nos,
585 673 619 731 et
651 687 710 749 per
743 667 847 729 filium
881 686 978 730 suum
1011 667 1091 731 velit
1124 689 1183 732 nos

241 757 354 822 salvos.
392 757 481 820 Hinc
499 756 642 820 nascitur
664 754 755 832 fides,
779 776 852 836 qua
867 755 1061 819 confidimus
1084 757 1180 819 deum

241 845 342 910 nostri
363 846 550 923 misertum,
580 865 641 908 nos
663 845 811 908 filiorum
825 845 905 908 loco
918 843 1054 922 habere,
1086 852 1120 908 et
1146 846 1179 907 in

241 941 407 999 aeternum
430 940 542 998 eontra
563 952 677 996 omnes
699 933 847 997 omnium
872 933 1019 998 hostium
1034 936 1182 998 *conatus

241 1030 274 1088 et
300 1023 470 1086 molimina
496 1029 697 1087 servaturum
731 1041 809 1086 esse.
856 1022 907 1084 Ex
941 1021 1006 1085 fide
1040 1023 1183 1086 nascitur
1256 1011 1258 1042 ³

239 1111 414 1189 invocatio,
445 1117 484 1174 ut
510 1110 546 1174 in
574 1109 724 1194 periculis
754 1109 978 1191 confugiamus
1008 1110 1181 1188 addeum,
1257 1173 1259 1194 ,

241 1207 273 1264 11
297 1207 417 1265 certam
440 1200 481 1263 ab
505 1219 542 1262 eo
565 1205 772 1281 expectemus
795 1218 897 1280 spem.

329 1289 571 1353 invocationem
600 1288 772 1352 comitatur
800 1287 939 1366 dilectio,
975 1287 1180 1351 dilectionem

1257 1199 1259 1266 l

1256 1289 1259 1376 ἰ

240 1373 425 1442 obedientia
458 1383 491 1441 et
523 1377 630 1440 timor.
688 1377 761 1440 Non
799 1375 932 1457 quidem
965 1377 1040 1440 talis
1075 1375 1180 1452 timor,

240 1467 346 1546 qualis
375 1466 457 1530 solet
485 1485 554 1528 esse
582 1466 619 1528 in
646 1464 688 1528 iis
718 1465 775 1546 qui
804 1470 956 1528 metuunt
984 1485 1107 1547 poenas
1140 1465 1181 1528 ab
1257 1475 1259 1540 ξ

239 1555 322 1618 irato
343 1553 467 1632 iudice,
491 1553 548 1617 sed
570 1554 763 1630 reverentia,
791 1559 825 1616 et
846 1573 1012 1632 summum
1035 1553 1183 1618 studium
1257 1553 1260 1636 ἶ

240 1641 451 1706 declarandae
480 1641 703 1724 gratitudinis,
734 1649 767 1706 11
797 1642 1012 1721 cavendorum
1034 1643 1179 1706 offensio
1258 1637 1260 1718 l

240 1750 336 1810 num,
367 1738 465 1813 atque
485 1732 541 1795 hic
562 1738 721 1812 tanquam
743 1750 831 1794 mare
854 1732 1004 1814 aperiunt
1026 1750 1059 1794 se
1082 1733 1179 1794 huius

239 1821 325 1886 vitae
347 1822 436 1886 varia
451 1840 526 1902 erga
539 1821 727 1903 proximum
750 1820 871 1884 officia:
897 1820 1021 1883 Ser-ium
1043 1822 1179 1884 vocatio
1258 1837 1260 1850 ⁴

240 1910 293 1973 nis
315 1911 476 1988 studium,
504 1910 541 1972 in
563 1911 730 1974 vocatione
751 1909 934 1986 humilitas,
958 1929 1000 1972 ne
1023 1908 1063 1972 de
1087 1909 1179 1972 nobie
1259 1919 1260 1962 ἓ

240 1999 419 2063 sentiamus
447 1997 617 2079 magnifice
638 2003 770 2080 propter
792 1997 878 2062 dona
900 2004 994 2075 certa,
1018 1998 1054 2060 in
1076 1997 1179 2060 humi

239 2087 338 2151 litate·
350 2087 590 2165 benevolentia,
621 2092 654 2150 et
676 2087 821 2150 studium
841 2107 926 2167 ‘erga
948 2105 1071 2150 omnes.
1120 2085 1178 2149 Sed

241 2176 320 2257 quid
343 2177 463 2242 frustra
485 2193 581 2240 conor
604 2177 748 2239 oratione
778 2175 948 2257 complecti
977 2176 1089 2239 omnia
1109 2176 1178 2256 'spi-

240 2266 321 2328 111111
344 2266 448 2329 sancti
470 2264 566 2341 dona,
590 2283 674 2345 quae
696 2264 825 2328 infinita
847 2266 947 2328 sunt?
989 2263 1050 2326 Illa
1072 2269 1178 2328 autern

241 2354 417 2432 singularia
446 2359 539 2416 sunt:
571 2353 730 2416 confessio
752 2351 845 2430 fidei,
868 2353 1088 2435 periculorum
1110 2373 1179 2416 oon·

239 2447 393 2521 tcmptus‚
416 2441 583 2522 patientia,
607 2460 691 2522 spes.
731 2441 820 2506 Siout
834 2442 933 2522 igitur
948 2441 989 2504 ad
1004 2461 1179 2524 perennem

239 2528 380 2592 rivulum
413 2535 607 2611 perpetuum
639 2549 695 2594 ver
729 2537 791 2607 est,
831 2551 897 2594 non
932 2531 1076 2609 arbores,
1116 2551 1180 2608 non

240 2617 351 2693 flores,
386 2636 453 2681 non
487 2623 557 2681 sata
585 2619 731 2682 sentiunt
759 2619 835 2682 solis
866 2627 1008 2684 aestum:
1044 2581 1096 2684 Iia
1124 2605 1179 2682 ubi

240 2706 397 2786 evangelii
418 2727 482 2770 vox
503 2707 588 2769 laeta
610 2713 718 2784 sonat,
749 2708 795 2770 ibi
818 2709 921 2808 multo
944 2727 1081 2772 numero
1101 2708 1180 2772 varii

239 2795 364 2858 fructus
386 2796 627 2900 proveniunt.

335 2879 446 2948 ¹Sed
436 2885 1058 2967 1111111111,11111111111111111111111,
1083 2885 1181 2948 diver

241 2992 314 3035 sum
336 2975 445 3056 potius
467 2974 546 3036 fieri.
592 2974 768 3053 Nunquam
799 2975 888 3036 enim
910 2975 984 3055 plus
1006 2934 1071 3038 fuit
1094 2993 1179 3037 scan-
1207 2979 1215 2990 ‘
1260 2981 1261 3030 ἱ

240 3060 387 3125 dalorum
409 3064 445 3126 in
466 3061 606 3139 mundo,
639 3081 739 3142 quam
766 3082 853 3125 nunc
883 3082 1061 3143 nunquam
1083 3062 1181 3126 etiam

239 3150 314 3231 plus
335 3136 568 3232 periculorum,
599 3157 632 3213 11
655 3151 918 3230 gravissimorum
949 3151 1180 3226 calamitatum,
1260 3153 1261 3178 ³

239 3257 323 3317 quae
345 3240 456 3302 vivum
471 3239 695 3303 testimonium
710 3239 825 3303 dicunt
840 3240 879 3302 de
896 3240 1035 3332 peccatis
1051 3240 1179 3303 nostris

238 3325 429 3407 Respondeo
458 3348 532 3392 vere
558 3328 640 3390 haec
668 3328 744 3390 dici.
791 3328 854 3391 Sed
888 3349 955 3392 non
989 3313 1063 3392 ideo
1097 3347 1181 3393 vana
1260 3375 1261 3396 1

238 3420 315 3477 sunt
342 3434 425 3495 quae
453 3416 494 3480 de
525 3436 624 3497 regno
647 3415 766 3481 Christi
788 3417 947 3499 propheta
968 3417 1063 3480 hoc
1051 3437 1089 3480 1n
1110 3418 1158 3479 loc

236 3503 439 3568 vaticinatur.
477 3504 575 3569 Fides
598 3505 686 3568 enim
708 3526 886 3587 paucorum
908 3512 966 3583 ost,
991 3512 1024 3569 et
1046 3505 1158 3571 ecclesi
1258 3507 1261 3566 ἱ

238 3592 353 3657 similis
390 3602 440 3659 est
476 3614 566 3675 agro,
609 3594 645 3656 in
683 3614 747 3675 quo
785 3601 901 3675 quarta
937 3601 1067 3658 tantum
1104 3613 1154 3676 par
1259 3641 1261 3684 j

237 3724 452 3738 *Q

327 3784 355 3852 1)
374 3785 514 3840 scandala
532 3784 660 3840 obruunt
678 3786 761 3842 dona.
