2584 4267
1084 285 1416 368 propheta.
2060 290 2188 350 525

313 463 653 614 {girituali¹²
675 462 789 633 :ll-ua
818 462 1216 527 subiectione
1253 483 1373 544 per
1402 463 1807 544 evangelium
1838 466 2040 530 intelli
2044 490 2188 546 geu*

396 571 511 615 um
556 572 622 615 es
657 601 669 614 .

992 701 999 705 ”
1086 709 1419 791 Ephraim.

494 819 711 881 Etiam
754 817 879 881 hoo
924 822 1145 881 contra
1187 816 1398 896 legem
1443 821 1558 879 est.
1650 817 1856 898 Igitur
1903 838 2012 898 per
2048 838 2192 898 apu-

314 907 509 969 stolos
554 906 624 969 id
668 907 915 969 factum
959 912 1073 983 est,
1121 905 1384 988 quando
1430 904 1686 970 iverunt
1726 905 1799 969 in
1840 906 2192 970 Samariam

313 995 677 1165 ggztiigtruri
722 995 1144 1075 evangelium.
1238 989 1579 1057 Similiter¹
1648 994 1844 1058 etiam
1904 994 1972 1058 id
2020 998 2192 1074 quud

733 1242 1074 1304 Beniamin
1118 1241 1478 1323 possidebit
1522 1241 1771 1306 Gilead.

496 1348 836 1412 Beniamin
895 1349 1055 1411 eitra
1119 1347 1465 1412 Iordanem
1534 1355 1650 1412 est.
1752 1349 1980 1412 Gilead
2048 1370 2196 1414 veru

316 1437 486 1500 ultra
543 1437 887 1500 Iordanem
944 1437 1018 1498 in
1076 1435 1253 1500 tribu
1310 1436 1472 1500 Gad.
1578 1437 1783 1518 Igitur
1848 1438 2196 1502 nsuessitas

317 1527 489 1606 cogit
541 1547 678 1603 nos,
747 1531 824 1588 ut
891 1525 1112 1589 omnia
1165 1525 1249 1588 ad
1293 1525 1836 1607 praedicationem
1884 1526 2196 1610 evangelii

315 1616 777 1697 referamus.††

584 1791 590 1798 ·
670 1774 756 1837 Et
800 1773 1278 1853 transmigratio
1325 1773 1641 1855 exereitus
1688 1768 1823 1838 ete²

496 1880 642 1944 Hoc
686 1899 835 1944 vero
863 1880 1053 1959 longe
1082 1878 1406 1961 prioribus
1436 1884 1502 1943 et
1530 1879 1888 1958 absurdius.
1940 1902 2192 1962 nempe,

317 1988 429 2032 eos
497 1987 826 2050 pressuros
886 1987 1024 2030 esse
1077 1973 1284 2031 totam
1351 1973 1588 2031 terram
1646 1969 2196 2042 Chananasorum.

319 2058 436 2137 qui
489 2063 710 2121 tamen
769 2057 840 2118 in
902 2055 1343 2138 captivitatem
1412 2064 1565 2121 sunt
1631 2058 1920 2134 abducti,
1992 2078 2068 2118 ns
2076 2078 2200 2138 que

318 2165 614 2226 unquam
656 2145 930 2221 reducti,
979 2164 1138 2224 qu0‚
1201 2145 1259 2207 si
1317 2145 1572 2208 literam
1628 2150 1884 2209 tantum
1932 2150 2196 2226 spuentes?

320 2234 482 2314 quid
528 2234 658 2297 dici
701 2239 915 2315 potest
957 2232 1301 2296 absurdius
1316 2235 1350 2295 ⁴?
1394 2234 1579 2297 Idem
1624 2241 1739 2311 est,
1787 2234 1964 2314 quod
1996 2238 2200 2314 sequi-

318 2329 427 2385 tur
470 2322 552 2386 de
597 2322 1156 2402 transmigratione
1200 2319 1628 2400 Hierusalem,
1675 2324 1800 2386 hoe
1844 2330 1956 2398 est,
2008 2322 2200 2402 eapti-

320 2431 436 2476 vos
481 2430 564 2473 ex
592 2410 838 2474 Israhel
868 2429 1271 2492 possessuros
1302 2430 1441 2474 esse
1472 2410 1761 2476 civitates
1790 2411 2028 2486 Austri,
2076 2414 2200 2474 hoe

319 2505 438 2576 est,
487 2519 596 2563 eas
640 2499 931 2564 civitates
962 2518 1128 2579 quae
1159 2499 1328 2562 cirea
1356 2500 1765 2564 Hierusalem
1795 2506 1860 2566 et
1888 2502 1956 2562 in
1992 2498 2200 2562 Edoni

320 2589 485 2652 sitae
529 2593 701 2651 sunt.

915 2731 1138 2811 Usque
1183 2728 1268 2792 ad
1314 2711 1595 2811 Sarepta.

502 2836 749 2900 Eadem
817 2843 915 2900 est
968 2837 1129 2900 haee
1172 2829 1335 2901 vox⁸
1390 2855 1540 2899 oum
1583 2835 1721 2911 illa,
1778 2854 1944 2917 quae
1988 2842 2088 2898 est
2132 2834 2200 2898 in

502 3011 556 3080 ¹⁸¹)
594 3010 809 3081 Incipit
843 3028 899 3078 p.
939 3009 1208 3065 XCVIII.
1247 3007 1440 3063 MSOi.

508 3170 563 3238 1)
602 3173 799 3225 deest:
851 3170 1126 3224 Similiter
1164 3199 1230 3209 —
1269 3169 1478 3224 Grilead
1525 3186 1675 3226 vero.
1757 3169 2020 3234 Legitur:
2068 3170 2200 3222 Dili-

323 3245 526 3310 genter
592 3243 767 3309 igitur
829 3239 1060 3296 notabis
1113 3240 1271 3295 hunc
1329 3244 1581 3309 textum,
1643 3244 1924 3307 tanquam
1984 3242 2200 3294 ela-run]

321 3313 729 3368 testimonium
770 3316 833 3366 et
877 3316 1115 3380 certum,
1163 3312 1320 3380 quod
1355 3312 1467 3381 lex,
1507 3309 1741 3365 Christo
1776 3310 2060 3378 veniente,
2100 3326 2200 3378 per

321 3383 666 3450 evangelion
689 3387 814 3438 erat
834 3381 1177 3449 abroganda.
1228 3383 1378 3436 Nam
1400 3381 1708 3436 Beniamin
1732 3381 1876 3435 eitra
1900 3382 2205 3434 Iordanem

327 3459 435 3524 est,
475 3455 681 3509 Gilead
717 3469 854 3509 vero
890 3469 1016 3521 sqq.
1090 3452 1147 3521 2)
1187 3454 1380 3508 deest:
1430 3456 1537 3507 etc.
1608 3452 1665 3520 3)
1717 3452 1992 3507 Additur:
2040 3454 2200 3502 ΠΕἮ.

326 3526 400 3578 In
437 3525 870 3580 conectionibus
905 3524 1111 3591 legitur
1146 3524 1328 3578 latine
1365 3521 1747 3593 Zarpath.†††

504 3683 565 3752 †)
601 3683 760 3739 Haec
784 3683 980 3738 omnia
1002 3681 1379 3752 spiritualiter
1401 3683 1619 3739 debent
1640 3681 1896 3750 intelligi.
1956 3682 2044 3754 ἢ]
2084 3682 2205 3734 Lex

337 3771 434 3822 per
469 3754 850 3822 Evangelium
885 3754 1168 3823 abrogata.
1242 3753 1375 3824 †·}†)
1414 3753 1681 3826 Zarpath.
