2584 4267
240 317 303 383 276
577 320 681 401 eaput
703 321 834 384 aarum

327 496 520 577 Proponitur
558 503 667 560 autern
701 497 782 560 haee
821 495 981 560 sententia
1020 515 1084 558 non
1118 495 1177 558 uni

238 585 373 666 populo,
403 585 488 648 sieut
517 585 674 649 haetenus
698 587 757 648 soli
779 586 892 649 Iudaei
907 585 955 648 ede
978 585 1108 648 nomine
1129 605 1174 648 eo·

238 674 502 760 elesiaelgloriati
525 674 667 752 fuerant,
698 674 755 737 sed
784 682 822 739 ut
844 675 1003 756 propheta
1024 673 1078 735 hie
1098 673 1178 736 dioit

236 755 406 825 hamonim
449 763 618 827 hamonim
662 763 808 845 undique
851 763 980 846 popuii,
1035 761 1175 843 undique

237 853 349 914 turbae
378 855 411 914 e't
439 857 547 915 coetus
577 858 668 929 sunt,
705 872 898 933 quoeunque
925 857 1031 916 vertas
1061 851 1173 926 oeulos,

237 941 420 1020 congregati
444 941 486 1003 ad
507 941 593 1003 hane
616 943 811 1004 sententiam
841 940 1048 1004 audiendam.
1095 935 1176 1018 Quia

237 1035 346 1092 autem
368 1029 512 1092 mundus
535 1031 597 1092 hoe
619 1031 791 1113 praecipue
807 1031 884 1110 agit,
906 1029 1071 1110 quomodo
1093 1029 1176 1091 hano

236 1119 431 1182 sententiam
454 1125 511 1181 aut
532 1119 659 1198 mitiget
681 1126 738 1182 aut
760 1120 918 1196 inflectat,
950 1123 1007 1180 aut
1030 1118 1174 1198 corrigat,

236 1207 348 1269 Iudaei
383 1208 470 1270 enim
504 1207 616 1288 iniquo
651 1209 760 1270 animo
798 1209 907 1270 ferrmt
940 1207 1037 1270 abiiei
1071 1208 1176 1270 cuitus

235 1296 329 1375 legis,
358 1297 506 1378 papistae
529 1296 648 1360 Christi
677 1298 791 1361 merito
821 1301 959 1360 assuunt
985 1296 1123 1377 stipulas
1146 1301 1178 1358 et

235 1384 343 1464 paleas
366 1404 450 1460 suas,
474 1389 631 1459 votorum,
656 1387 778 1463 ieiunii,
804 1385 1000 1448 delectorum
1018 1385 1175 1459 ciborum,

235 1478 267 1535 et
294 1473 421 1556 similes
443 1492 556 1553 nugas.
601 1474 679 1536 Ideo
707 1476 865 1556 propheta
893 1474 979 1536 hano
1008 1493 1078 1536 esse
1102 1473 1176 1536 defi·

234 1561 338 1623 uitem
375 1567 408 1624 et
445 1567 565 1624 certam
603 1565 797 1627 sententiam
833 1569 940 1640 vocat,
979 1563 1033 1624 oui
1070 1581 1178 1642 neque

234 1649 350 1726 adimi,
396 1669 502 1730 neque
547 1650 624 1714 addi
669 1652 849 1738 quidquam
889 1652 940 1714 vel
985 1651 1090 1732 possit
1126 1651 1178 1714 vel

234 1738 359 1802 debeat.
830 1749 831 1752 ’

323 1827 417 1902 Quod
452 1827 543 1892 addit
577 1829 616 1891 de
652 1829 718 1892 sole
748 1835 780 1893 et
807 1830 886 1892 luna
915 1827 1108 1903 obscuratis,
1144 1835 1179 1890 et

233 1916 333 1980 stellis
364 1917 591 1997 caligantibus,
621 1919 711 1980 haud
740 1919 805 1982 seio
828 1937 938 1980 annon
960 1919 1022 1980 hoa
1045 1936 1178 1997 quoque
1260 1931 1265 1937 ’

232 2005 367 2085 figurate
401 2007 560 2086 significet
592 2007 757 2086 ingentem
790 2007 963 2070 hominum
995 2005 1177 2068 multitudi-

233 2115 318 2156 nem.
378 2094 468 2159 Sient
493 2095 582 2158 enim
610 2115 651 2157 ex
685 2095 817 2159 fremitu
855 2095 1030 2159 multitudo
1061 2093 1179 2176 populi

232 2189 337 2264 potest
367 2183 595 2264 aliquomodo
624 2185 744 2264 colligi:
775 2185 827 2248 Ita
854 2205 975 2264 magna
1002 2183 1100 2247 turba
1128 2183 1176 2244 in.-
1241 2183 1245 2188 ’

232 2279 362 2350 gentem
395 2274 514 2336 excitat
547 2273 727 2354 pulverem,
764 2274 821 2353 qui
855 2273 953 2337 etiam
991 2273 1067 2336 solis
1102 2291 1177 2334 eon-

232 2365 379 2440 speotum
424 2367 457 2423 et
497 2362 577 2422 eoeli
616 2363 740 2425 adimit.
803 2363 899 2425 Hane
942 2361 1051 2424 iudico
1099 2361 1176 2422 sim·

231 2447 442 2527 plioissimam
483 2449 686 2513 sententiam.
757 2452 841 2513 Nam
875 2451 992 2513 referre
1029 2451 1103 2513 ista
1119 2449 1177 2511 ad

133 2605 134 2609 Ἰ
231 2535 414 2598 animorum
437 2538 711 2617 perturbationem
733 2540 845 2603 hocin
868 2541 940 2603 loco
962 2539 1072 2602 minus
1095 2557 1176 2618 qua·

230 2623 320 2701 drat,
371 2624 429 2687 ubi
477 2626 636 2708 propheta
684 2629 746 2690 hoo
791 2625 962 2710 praecipue
1003 2629 1082 2709 agit,
1135 2633 1180 2690 ut

229 2713 537 2866 ppltpprppperegnum
561 2715 680 2780 Christi
702 2717 737 2779 in
765 2737 877 2780 omnes
906 2723 1017 2798 gentes
1039 2717 1176 2796 vulgan-

341 2946 388 3008 Et
410 2945 597 3010 dominus
620 2947 666 3010 de
689 2947 785 3010 Zion
808 2948 955 3027 rugiet,
984 2953 1099 3027 atque
1123 2946 1177 3009 de

272 3035 494 3097 Ierusalem
518 3033 780 3100 dabitvooem
796 3056 917 3113 suam,
943 3041 982 3098 et
1003 3050 1174 3100 eommo-

272 3123 482 3185 vebuntur
504 3124 605 3187 coeli
628 3131 666 3188 et
687 3131 829 3188 terrae.

317 3246 382 3309 Hie
403 3247 537 3328 exponit
559 3249 654 3329 quale
677 3249 720 3313 sit
741 3243 898 3312 iudieium
928 3250 970 3312 ad
997 3248 1084 3330 quod
1108 3250 1175 3312 ool·

227 3332 370 3414 liguntur
394 3343 518 3416 gentes,
549 3345 582 3401 et
612 3338 665 3400 oui
694 3358 728 3401 se
751 3340 903 3402 omnibus
925 3339 1046 3404 viribus
1070 3357 1175 3418 oppo-

227 3429 319 3486 nunt.
365 3425 449 3488 item
478 3426 567 3506 quod
595 3426 678 3488 illud
708 3426 751 3490 sit
779 3428 916 3506 bellum,
945 3447 1010 3508 quo
1033 3432 1142 3508 preste

227 3519 349 3576 nuntur
371 3513 478 3591 fortes,
503 3521 536 3578 et
550 3512 734 3578 venduntur
748 3515 784 3578 in
798 3517 992 3598 longinquas
1010 3516 1137 3596 regione
1257 3584 1263 3596 ,

226 3601 308 3678 Non,
332 3602 439 3682 inquit
461 3609 569 3665 utetur
584 3603 691 3681 armis,
716 3625 791 3682 non,
808 3613 846 3670 ut
860 3606 902 3668 ad
917 3626 1006 3668 mare
1020 3605 1131 3667 rubrur

226 3691 385 3771 pugnabit
413 3691 621 3770 fulminibus,
654 3693 711 3756 sed
739 3715 852 3759 vooem
882 3695 975 3759 aedet
1005 3714 1046 3756 ex
1076 3693 1131 3757 Zio

225 3799 292 3842 non
314 3781 484 3843 obscuram
507 3788 563 3845 aut
584 3782 763 3860 infirmam,
793 3785 849 3848 sed
877 3784 993 3848 fortem
1023 3789 1056 3846 et
1079 3788 1131 3846 ter
