2584 4267
224 285 290 350 270
558 281 664 363 Caput
685 282 817 346 tertium

224 467 315 538 sunt,
344 465 456 524 tamen
483 458 719 539 belligerantur,
748 457 832 522 sicut
859 457 956 522 hodie
986 457 1100 535 molle,
1133 464 1170 522 et

224 549 467 614 effoeminatum
481 546 716 630 episcoporum,
739 547 977 625 canonicorum,
992 547 1169 612 monacho

225 659 297 703 rum
319 637 434 718 vulgus
457 657 523 700 non
545 635 651 700 solum
673 635 795 700 bellum
817 640 960 718 exoptat,
983 635 1042 699 eod
1059 641 1171 700 castra

225 727 325 791 etiam
347 725 502 806 sequitur.
547 725 620 788 Hoc
641 725 786 807 primum
808 730 871 801 est,
895 723 984 805 quod
1005 724 1170 808 propheta

224 817 286 879 hoc
315 815 351 876 in
378 815 448 877 loco
475 812 631 891 ostendit,
663 832 701 878 ac
727 813 806 877 utile
836 818 886 878 aet
910 818 1020 877 extare
1042 812 1170 876 similes

228 911 298 968 tam
318 902 459 983 ingentis
487 901 603 965 furoris
637 908 670 966 et
704 901 770 978 odii
797 901 1039 983 descriptiones.
1085 901 1168 965 Gon·

225 993 357 1056 firmam
377 990 466 1054 enim
489 990 617 1072 piorum
639 990 780 1067 animos,
811 1007 852 1054 ne
881 996 1050 1070 tamquam
1072 991 1107 1053 in
1132 1007 1170 1054 re

225 1080 379 1144 inusitata
402 1078 556 1143 abiiciant
582 1099 689 1161 spem,
722 1077 885 1159 siquidem
911 1079 1063 1143 omnibus
1085 1084 1170 1142 tem·

226 1168 358 1252 poribus
387 1166 430 1232 ad
457 1168 546 1231 hune
574 1167 710 1232 modum
733 1167 831 1231 Satan
857 1167 984 1243 saeviit,
1015 1165 1072 1230 sed
1099 1183 1171 1248 qua

226 1259 357 1322 fortuna
379 1264 412 1321 et
434 1276 498 1337 quo
521 1256 660 1320 eventu?

315 1346 387 1409 Hoc
409 1346 546 1408 alterum
568 1351 618 1408 eet
640 1343 728 1425 quod
750 1345 908 1426 propheta
921 1344 975 1407 hic
990 1339 1166 1408 ostendit.²

227 1435 317 1497 Haec
346 1434 436 1496 enim
471 1431 652 1496 exhortatio
683 1432 783 1498 hebet
818 1433 978 1496 inclusam
1017 1433 1170 1496 acerbam

228 1522 379 1597 ironiam,
410 1522 571 1602 significat
598 1521 688 1584 enim
715 1541 830 1585 omnes
858 1528 993 1588 conatus
1022 1527 1055 1584 et
1076 1521 1168 1585 moli·

228 1611 318 1674 mina
340 1609 451 1672 omnia
473 1609 608 1672 Satanae
631 1616 666 1673 et
686 1610 803 1674 mundi
826 1610 945 1674 inistra
967 1610 1050 1686 fere,
1082 1608 1170 1673 sicut

227 1699 360 1763 tandem
382 1697 474 1762 addit
495 1698 662 1780 propheta,
687 1698 734 1761 ibi
749 1697 900 1765 dominus
923 1705 1045 1762 sternet
1067 1699 1169 1762 fortes

226 1794 309 1851 tuoe.
356 1786 408 1851 Sic
434 1788 470 1850 in
499 1787 640 1850 secundo
668 1787 795 1851 Psalmo
823 1787 943 1851 atrocia
972 1792 1050 1851 eunt
1083 1806 1169 1867 quae

226 1877 268 1940 de
290 1876 428 1957 regibus,
452 1875 663 1958 principibus,
686 1875 826 1957 populis,
850 1875 1009 1956 gentibus,
1034 1876 1168 1957 spiritus
1213 1893 1217 1900 ’

229 1971 359 2028 sanctus
382 1963 461 2028 dicit
484 1963 744 2046 conspirantibus
767 1970 800 2027 et
822 1965 1070 2041 maturantibus,
1095 1969 1169 2027 tum

227 2054 327 2130 virae,
357 2059 430 2117 tum
452 2053 585 2117 consilia
606 2053 648 2116 ad
670 2053 851 2135 rumpenda
873 2053 1015 2130 vincula,
1047 2052 1169 2134 quibus

228 2142 380 2206 dominus
403 2142 496 2222 quasi
518 2142 736 2222 mnatringere
764 2142 868 2206 carnis
891 2141 999 2206 studia
1021 2148 1166 2206 conatur.
1217 2171 1219 2176 ·

228 2231 426 2311 Euangeliou
454 2230 542 2294 enim
570 2231 676 2311 arguit
705 2230 867 2294 mundum
893 2236 931 2294 ut
960 2249 1093 2312 peceare
1115 2229 1167 2294 de

228 2319 327 2394 sinat,
351 2324 389 2382 ut
411 2319 569 2382 iustitiam
591 2324 739 2396 sectetur,
763 2325 796 2382 et
818 2319 955 2383 Satanae
977 2319 1093 2400 iugum
1116 2339 1167 2383 ex·
1251 2378 1257 2388 .

228 2406 338 2482 cutiat,
362 2405 525 2486 siquidem
540 2405 701 2470 iudicatus
717 2414 774 2472 est.
811 2406 873 2471 Sed
887 2407 1032 2472 mundus
1048 2408 1169 2490 gaudet

227 2493 377 2577 peccatis,
401 2499 435 2556 et
456 2493 661 2576 pertinaciter
683 2496 772 2559 fovet
793 2495 976 2560 idolatriam
994 2515 1031 2560 ac
1054 2517 1168 2561 omnes

227 2601 302 2647 snae
325 2582 409 2646 vires
430 2583 555 2646 confert
576 2583 618 2646 ad
640 2603 755 2648 sanam
777 2585 957 2650 doctrinam
984 2586 1167 2668 opprimen·

227 2671 313 2734 dam
360 2669 406 2733 Hi
428 2677 562 2736 comtes
584 2673 655 2736 eine
678 2673 774 2737 caede
798 2680 831 2738 et
853 2672 1010 2754 sanguine
1037 2675 1168 2756 piorum

227 2781 293 2824 non
316 2761 453 2837 abeunt,
483 2767 517 2824 et
545 2767 657 2826 tamen
679 2781 745 2826 non
767 2762 939 2844 perficiunt
960 2761 1056 2844 impii
1078 2762 1168 2844 quod

226 2851 348 2915 volunt.
388 2849 473 2915 Nam
495 2849 553 2930 qui
574 2851 610 2913 in
632 2851 719 2914 coelo
742 2856 799 2928 eet,
824 2871 891 2915 non
905 2850 1040 2932 quidem
1055 2852 1168 2916 statim

226 2939 323 3020 punit
352 2938 610 3002 hunc‘furorem
632 2938 823 3023 impiorum,
854 2939 911 3003 sed
933 2939 1013 3004 sinit
1034 2959 1090 3004 eos
1114 2934 1167 3004 di·

227 3045 395 3108 quousque
425 3027 613 3109 procedere,
649 3034 681 3092 et
710 3027 838 3092 foelicee
872 3047 958 3107 esse,
994 3036 1027 3093 et
1056 3034 1168 3093 tamen

226 3115 311 3178 ridet
344 3116 443 3178 stulta
475 3121 508 3178 et
541 3116 631 3180 irrita
660 3115 836 3184 molimina.
884 3117 971 3191 Quid
998 3119 1087 3181 enim
1118 3124 1169 3182 est

227 3202 315 3282 quod
348 3203 447 3266 homo
481 3202 535 3268 dei
564 3204 735 3270 consilium
762 3211 895 3270 conatur
924 3205 1081 3288 impedire
1110 3213 1169 3270 aut

227 3293 390 3356 evertere?
424 3293 481 3373 qui
511 3294 546 3356 in
573 3294 671 3356 coelis
701 3300 764 3370 eet,
796 3300 829 3357 et
855 3314 922 3358 uno
950 3302 1032 3359 nutu
1059 3299 1167 3359 totum

226 3379 388 3443 mundum
417 3381 582 3445 concutit?
626 3381 690 3445 Sed
720 3403 786 3446 non
808 3382 892 3446 ridet
918 3390 1091 3464 perpetuo,
1123 3385 1152 3448 lo

227 3469 337 3547 quitur
370 3470 469 3533 etiam
501 3471 537 3534 in
570 3471 678 3534 'furore
712 3490 786 3548 sue,
824 3472 886 3536 hoc
921 3479 983 3549 est,
1021 3471 1152 3538 retundi

316 3678 344 3746 1)
363 3679 491 3734 Ecclesia
516 3679 583 3734 lieet
608 3680 754 3749 affligitur,
782 3684 879 3737 tamen
907 3685 1039 3740 servatur
1065 3683 1095 3738 et
1120 3699 1156 3752 pe

227 3753 312 3802 reunt
329 3749 448 3804 tandem
465 3750 564 3805 hostes
582 3751 662 3805 eiua·
