2584 4267
883 292 1085 354 Amos
1129 290 1499 372 prophetae.
1803 374 1811 382 .
2002 281 2130 354 457

252 470 513 550 pietatis
573 466 849 550 impium
903 468 1152 531 cultum
1209 475 1399 532 vocat
1451 464 1674 532 altaria
1718 468 1852 532 sive
1896 468 2147 533 domus*

128 581 136 589 ‘
252 558 589 618 illusionisz
641 578 793 618 nam
839 558 1087 637 egregie
1148 555 1418 620 irrident
1473 557 1664 638 impii
1719 557 1915 620 deum
1971 577 2027 619 a·
2064 578 2143 644 se·

252 646 517 710 invento
569 646 761 710 cultu.
853 645 958 708 Sic
1001 645 1225 710 irridet
1267 646 1610 716 Hismahel
1652 647 1901 709 bonum
1929 647 2129 724 Isaac,

252 734 421 798 sicut
453 742 517 798 et
549 734 781 798 Paulus
813 735 907 798 ait
934 735 1018 798 ad
1050 735 1229 799 Gala.
1265 736 1338 797 4:
1376 735 1715 813 Quomodo
1745 740 1902 799 tunc
1929 736 1987 798 is
2016 736 2133 817 qui

252 822 613 886 seeundum
657 842 916 886 earnem
960 828 1152 887 natus
1197 824 1409 888 fuerat
1451 826 1953 906 persequebatur
1982 844 2133 887 eum

252 914 368 990 qui
392 910 749 974 secundum
777 912 1093 994 spiritum,
1129 913 1222 976 ita
1251 920 1318 976 et
1338 933 1531 976 nunc.
1599 915 1703 977 Ita
1734 933 1987 995 semper
2016 914 2151 975 im:

252 1002 348 1082 pii
372 1002 645 1062 irrident
665 1002 798 1063 suis
820 995 1273 1064 traditionibus
1297 1001 1840 1083 praedicationem
1856 1003 2131 1084 piorum.

252 1090 433 1150 Haess
467 1110 689 1170 pugna
717 1090 897 1154 Isaac
939 1095 1004 1153 et
1030 1089 1429 1154 Hismahelis
1465 1111 1803 1171 nunquam
1838 1091 2131 1154 cessabit.

848 1250 936 1313 Et
979 1250 1538 1314 sanctificationes.

433 1357 930 1436 Sanctffifflti0,†
1003 1367 1108 1440 etjn
1182 1355 1404 1440 geftifft.
1526 1356 1629 1420 Sic
1701 1357 1773 1419 in
1848 1357 2132 1440 psalmo:

255 1446 453 1506 Fama
501 1454 597 1506 est
625 1446 864 1508 Iudaea
893 1446 1312 1509 sanctificatio
1358 1446 1516 1524 eius,
1564 1446 1807 1510 Israhel
1849 1450 2149 1527 potestas·

252 1534 413 1610 eius,
461 1534 585 1598 hoe
633 1542 757 1598 est:
828 1533 1005 1604 Iudas
1037 1532 1104 1616 ist
1149 1534 1276 1618 §eun
1320 1533 1563 1614 bisstum,
1609 1536 1680 1597 in
1724 1534 1889 1598 Iuda
1932 1534 2140 1598 voluit

252 1622 489 1686 habere
541 1622 966 1687 sacerdotium
1025 1629 1090 1687 et
1142 1624 1214 1686 in
1259 1625 1505 1686 Israhel
1549 1629 1963 1705 potestatem,
2011 1623 2139 1683 hoc

252 1718 352 1774 est
396 1730 689 1790 regnum.
785 1712 916 1776 Ista
959 1712 1180 1775 omnia
1224 1711 1384 1774 dicit
1429 1711 1794 1775 desolanda.

429 1873 517 1934 Et
565 1892 943 1952 consurgam
988 1892 1182 1954 super
1226 1871 1497 1934 domum
1540 1871 1953 1935 Hieroboam.

433 1978 577 2038 Hos
645 1980 901 2062 proprie
980 1978 1064 2040 ad
1143 1999 1360 2059 regem
1428 1980 1727 2060 pertinet.
1849 1975 2142 2039 Minatur

252 2066 481 2130 domui
525 2070 709 2146 regis,
773 2068 893 2130 hoc
938 2073 1036 2131 est
1079 2069 1352 2149 posteris
1398 2068 1585 2147 regis,
1642 2065 2006 2138 interitum;
2065 2065 2135 2126 id

252 2154 429 2234 quod
501 2162 717 2218 aetum
777 2163 873 2220 est
937 2162 1195 2220 mortuo
1260 2157 1656 2219 Hieroboam
1674 2205 1688 2232 ,
1759 2174 1909 2217 cum
1978 2153 2136 2216 occi-

252 2242 529 2306 debatur
637 2245 972 2308 Zasharias
1088 2245 1259 2308 filius
1370 2245 1612 2326 impius
1717 2243 2135 2329 Hieroboam,

260 2334 316 2394 4.
372 2334 521 2414 Reg.
573 2334 807 2413 EVA-1·
1831 2358 1835 2362 -

860 2492 947 2556 Et
990 2493 1171 2556 misit
1214 2493 1530 2557 Amasias.

437 2602 561 2662 Hic
577 2594 597 2630 ²
677 2599 1046 2681 exemplum
1112 2600 1430 2663 habemus
1488 2599 1918 2662 contentionis
1964 2598 2139 2660 illius

252 2698 316 2750 et
364 2686 705 2750 irrisionis:
757 2686 834 2750 tle
880 2707 1010 2768 qua
1055 2688 1247 2769 paulo
1279 2694 1428 2750 ante
1474 2687 1762 2767 dixi.†††
1801 2770 1804 2772 q
1850 2685 2141 2748 Historia

252 2778 380 2838 ista
429 2778 741 2838 adnotatu
785 2775 1167 2857 dignissima
1213 2781 1329 2853 est,
1393 2777 1464 2839 in
1519 2795 1651 2857 qua
1707 2774 1921 2839 videre
1966 2774 2136 2849 licet,

252 2866 413 2946 quid
465 2866 549 2930 sit
593 2866 913 2946 impietas,
976 2871 1040 2929 et
1099 2864 1260 2944 quid
1304 2858 1574 2929 sentiat²
1645 2863 1725 2926 de
1770 2863 1963 2926 verbo
2010 2860 2135 2937 dei,

248 3058 392 3094 nam
429 3042 589 3094 Isaac
629 3038 701 3094 ab
725 3039 1022 3094 illudendo
1046 3039 1270 3093 dicitur.
1322 3040 1399 3092 Et
1433 3042 1597 3093 notat
1619 3039 1729 3091 hac
1753 3035 2138 3105 appellatione

247 3110 501 3178 impium
541 3114 785 3178 nultum;
829 3126 966 3165 nam
1018 3110 1437 3178 superstitiosa,
1486 3110 1628 3165 item
1673 3107 1928 3163 eiecticia
1965 3121 2140 3173 opera

252 3198 356 3234 seu
396 3182 589 3234 cultus
625 3182 769 3234 nihil
797 3186 949 3251 sunt,
987 3197 1163 3249 quam
1186 3181 1471 3248 quaedam
1492 3181 1702 3250 illusi0‚
1740 3194 1855 3248 qua
1876 3178 2140 3232 illuditur

248 3254 364 3306 *iso
400 3254 577 3306 aliurn
617 3254 834 3306 cultum
869 3252 934 3305 in
973 3252 1150 3307 verbo
1187 3268 1292 3306 suo
1328 3251 1662 3320 postulanti.

437 3326 489 3390 1]
533 3326 721 3378 deest:
765 3323 874 3378 Hic
913 3353 980 3362 -·
1019 3323 1158 3376 dixi.
1232 3322 1290 3390 2)
1330 3323 1522 3376 deest:
1575 3322 1805 3378 sentiat.
1878 3321 2137 3388 Legitur:

292 3402 312 3446 ἰ
368 3394 509 3462 quiri
565 3394 844 3463 mundus,
899 3395 1008 3447 hoc
1062 3397 1153 3448 est
1206 3393 1560 3448 sanctissimi
1614 3398 1675 3448 et
1722 3391 2140 3461 sapientissimi

304 3466 517 3518 *titiant
553 3466 625 3518 de
665 3482 789 3534 sqq.

437 3626 481 3694 r)
525 3626 926 3680 Sanctificatio.
1000 3624 1074 3694 ἡ)
1111 3623 1164 3678 4.
1203 3624 1339 3690 Reg.
1382 3623 1466 3678 15.
1539 3624 1641 3694 τῇ)
1688 3624 1835 3678 Ien.:
1882 3621 2142 3676 Mundus

356 3714 461 3750 sua
501 3702 709 3762 servet..
745 3698 919 3750 deum
954 3701 1015 3750 et
1050 3696 1174 3750 eius
1210 3694 1454 3750 verbum
1504 3695 1835 3751 contemnit.
1921 3693 2137 3747 Vuitt.:

340 3770 517 3822 storia
553 3774 757 3822 notatu
793 3767 966 3834 digna
1003 3767 1076 3822 de
1114 3766 1352 3820 Amasia
1386 3766 1569 3834 impio
1606 3765 1913 3822 sacerdote.
