2584 4267
407 296 531 359 Johelis
553 298 736 377 prophetae.
999 296 1041 363 75
1090 340 1093 353 .
1144 366 1145 369 Ἴ
1211 252 1266 397 ᾗ..

102 473 244 555 gaudere
276 478 421 553 possunt.
472 473 513 534 In
546 474 607 535 hoo
640 493 714 554 ergo
749 474 866 537 affectu
899 474 1042 553 loquitur

32 617 33 634 ,
105 564 271 643 propheta,
296 560 385 641 quod
407 561 468 624 etsi
490 562 540 624 sol
561 562 604 624 sit
618 561 873 625 iucundissimus
892 567 924 624 et
938 562 1040 642 splen·

31 637 33 689 l
105 650 303 726 didissimus,
328 650 440 714 stellae
462 649 668 726 clarissimae,
692 656 803 713 tamen
824 651 935 713 omnia
956 649 1040 713 vide·

31 822 32 836 χ
105 740 228 803 buntur
248 738 479 802 turbatissimo.

31 973 32 982 χ
279 900 322 964 Et
344 898 497 961 dominus
520 894 610 967 dedit
632 917 744 961 vocem
767 916 869 987 suam.

31 997 32 1016 ¹
79 1007 86 1025 ⁸
198 1004 305 1084 Haec†
336 1004 462 1081 omnia,
498 1004 620 1084 inquit,
649 1004 740 1080 fient,
774 1024 842 1068 non
872 1005 950 1085 quia
978 1005 1043 1086 ipsi

104 1095 215 1156 hostes
236 1099 365 1157 tantum
387 1092 525 1173 possint,
554 1112 620 1155 non
647 1094 726 1172 quia
754 1093 818 1173 ipsi
840 1099 969 1158 tantum
991 1115 1042 1158 va·

103 1182 196 1245 leant
214 1183 336 1258 robore,
364 1180 422 1245 sed
444 1180 523 1261 quia
548 1177 692 1244 *domini
715 1188 764 1245 est
783 1183 941 1259 voluntas,
966 1183 1044 1262 quia

103 1270 257 1333 dominns
291 1290 368 1335 voce
401 1289 461 1332 sna
494 1269 626 1333 terrebit
659 1289 732 1346 nos,
768 1270 874 1351 atque'
899 1271 945 1334 ita
978 1291 1044 1335 non

106 1359 283 1438 poterimus
317 1358 499 1438 persistere3
539 1377 605 1421 non
643 1358 710 1421 illis
748 1358 964 1439 potentibus)
987 1358 1044 1423 sed

107 1447 202 1509 nobis
233 1447 455 1527 peccantibus,
490 1446 571 1509 talia
603 1446 692 1509 mala
719 1467 778 1511 nos
805 1448 950 1511 obruent.
1004 1447 1044 1511 Id

107 1535 195 1615 quod
220 1541 270 1598 est
291 1535 436 1597 maxime
457 1533 655 1596 horrendum
682 1541 714 1599 et
741 1536 883 1598 terribile
910 1536 945 1598 in
968 1556 1042 1616 qua·

106 1623 462 1704 cunqueadversitate,
487 1642 563 1685 cum
585 1621 665 1686 deus
687 1624 828 1687 revelata
849 1625 1044 1687 conscientia

106 1712 227 1792 peceati
249 1732 309 1783 nos
332 1716 436 1786 terret,
461 1711 508 1773 sic
522 1711 642 1775 territis
657 1710 744 1775 cadit
763 1707 887 1775 omnis¹
915 1713 1043 1775 animus

105 1806 140 1863 et
159 1801 288 1877 fiducia,
312 1806 350 1862 ut
373 1800 426 1864 vel
447 1799 563 1861 folium
585 1799 703 1862 cadens
725 1819 784 1863 nos
807 1805 931 1875 terreat,
960 1801 1060 1863 sicut

106 1888 141 1950 in
173 1889 334 1969 principio
367 1888 483 1969 capitis
516 1883 639 1966 (filli-st
694 1888 830 1967 Alioqui
861 1888 891 1951 si
931 1907 1043 1950 omnes

106 1976 226 2040 dioboli
253 1978 290 2043 in
316 1977 410 2057 pium
436 1976 604 2039 hominem
630 1975 793 2052 caderent,
822 1976 907 2039 nihil
934 1981 1044 2039 tamen

103 2072 215 2129 contra
248 2084 325 2129 eum
358 2066 578 2146 praevalerent
611 2064 702 2127 salva
735 2064 804 2126 eius
842 2083 949 2127 coram
983 2063 1043 2127 deo

104 2154 309 2230 conscientia,
333 2154 362 2215 si
385 2147 463 2216 scit²
489 2152 589 2216 deum
610 2152 718 2216 adhue
740 2153 804 2215 sibi
822 2146 923 2217 bene⁸
949 2152 1041 2228 velle,

104 2237 156 2305 se‘
192 2262 259 2305 uon
292 2241 494 2305 deserturum
520 2234 599 2305 eto.⁵
637 2240 695 2304 sed
728 2241 858 2322 quando
891 2241 1043 2305 dominus

102 2330 159 2395 dat
182 2350 295 2394 vocem
317 2327 456 2406 suam*
477 2323 557 2396 ιικιι6
584 2347 614 2397 et
636 2328 691 2411 tufi
714 2331 767 2397 but
783 2330 849 2413 [stt
870 2328 984 2410 nimntt
1007 2329 1043 2411 Bo

104 2417 151 2500 litt
185 2436 222 2485 >et
263 2418 331 2503 quib
365 2417 419 2485 mir
456 2418 510 2500 tufi
547 2416 664 2503 leubice,
702 2421 755 2485 hio
792 2440 888 2483 nemo
924 2420 1044 2501 poterit

104 2509 282 2588 persistere.
796 2568 799 2573 .

259 2649 422 2724 Quoniam
445 2669 582 2730 magnus
605 2649 674 2712 dies
697 2650 894 2731 dominil-st

27 2824 28 2847 χ
191 2756 266 2817 Non
293 2762 342 2819 est
367 2757 437 2820 dies
459 2754 715 2819 adversariorum
742 2762 885 2832 tuorum,
910 2755 967 2820 sed
989 2756 1041 2820 do-

103 2844 187 2906 mini
225 2844 295 2906 dies
333 2852 394 2946 est,
430 2864 631 2926 quamquam
668 2850 783 2925 putent
815 2845 941 2923 Assyrii
974 2846 1041 2907 suis

27 3061 28 3072 ,
195 3019 223 3087 *)
251 3019 358 3087 Incipit
384 3036 413 3087 p.
445 3018 525 3079 XIV,
554 3018 650 3075 Mser.
713 3018 757 3086 **)
785 3016 942 3073 Dominum
973 3017 1042 3071 dara

27 3101 28 3156 ἶ
99 3106 204 3166 1ιὀοθιιι
222 3104 313 3145 suam.

193 3249 221 3318 l)
240 3249 335 3304 deest:
353 3250 457 3305 omnis.
494 3250 523 3317 2>
541 3249 621 3303 sciat.
657 3247 686 3315 3)
704 3247 779 3303 bene
798 3248 862 3303 sibi.
898 3248 926 3317 4)
945 3264 1040 3315 seque.

100 3318 129 3383 b)
151 3319 250 3374 deest:
281 3325 335 3375 etc
393 3320 422 3389 6)
447 3319 529 3373 deest
556 3318 718 3386 germanica
748 3318 960 3387 interpretatio,
991 3318 1042 3373 sed

146 3391 269 3518 'istlrprwrgt
286 3392 439 3445 conturbat
451 3407 504 3446 seu
515 3390 608 3445 aufert
618 3389 757 3458 animum,
775 3392 838 3444 tum
849 3405 934 3445 nemo
945 3394 1042 3459 potest

184 3623 221 3693 '†)
240 3622 350 3677 Hostes
368 3637 428 3676 non
445 3622 543 3678 valent
562 3621 736 3688 suorobore,
756 3620 807 3674 sed
824 3619 933 3673 domini
945 3620 1041 3673 volun·

145 3710 168 3748 e.
224 3694 273 3760 ἡ)
301 3693 428 3748 Domino
456 3694 583 3746 terrente
612 3690 690 3744 cadit
719 3690 834 3744 animus
864 3694 894 3743 et
928 3688 1039 3742 fiducia.

145 3765 166 3831 i)
184 3765 256 3820 Dies
275 3764 388 3819 domini
406 3778 465 3817 non
481 3761 720 3820 aduersariorum.
