2584 4267
437 324 538 390 Joelis
558 327 745 409 prophetae.
998 329 1060 398 tte
1129 285 1131 292 l
1166 282 1254 403 ⁴

122 503 281 568 admissis,
337 503 433 566 Hanc
465 504 708 568 contritionem
727 511 910 586 sequuntur
944 507 1061 574 deinde
1143 567 1147 578 „

120 593 200 656 certi
222 592 360 668 frocum,
390 592 588 670 emendatio,
617 594 752 670 scilicet,
783 595 883 673 vitas,
911 601 952 664 et
970 598 1059 662 vehe·

119 700 213 744 mens
245 681 371 762 peccati
392 681 526 746 odium.
579 681 643 747 sed
677 684 738 746 atsi
759 684 949 750 ‘necessaria
981 687 1061 752 haec
1189 691 1229 732 f

109 769 379 854 ,auntsnondnm
399 775 512 834 tamen
533 770 576 835 ad
597 771 757 835 iustitiam
779 773 860 838 satis
882 778 966 850 sunt,
991 795 1059 851 nec,
1213 769 1228 808 ‘⁵

120 864 158 922 ut
186 859 359 941 sophistae
388 858 611 941 disputarunt,
644 866 811 926 merentur
833 862 1061 928 'remissionem

122 953 354 1029 peccatorum·
372 948 468 1010 'Fide
487 948 577 1012 enim
598 950 634 1013 in
657 949 821 1017 Christum
843 957 1000 1033 opusest,
1024 972 1062 1018 ea

120 1037 201 1112 aa,
239 1036 316 1117 qua
335 1036 567 1100 naamam
586 1038 648 1101 aa
670 1039 804 1116 asar,
838 1040 1061 1104 remissionem
1186 1011 1260 1101 w'³322

122 1130 326 1206 peecatorum
360 1125 517 1207 impetrat
560 1133 594 1191 et
636 1127 776 1192 absolvit
816 1127 1059 1210 poeniteutiam.

120 1215 244 1296 ltaque-
257 1213 350 1277 addit
371 1215 544 1296 propheta:
663 1241 665 1247 ·

131 1356 152 1422 J
223 1355 527 1424 Convertimini
546 1356 600 1425 ,ad
622 1356 837 1424 dominum
861 1359 979 1438 depm
997 1379 1059 1426 ve·

164 1451 311 1539 suum,
336 1439 530 1524 quoniam
552 1446 731 1514 clemens
755 1453 826 1516 est.

213 1564 299 1633 ²Hic
314 1569 460 1633 maxime
475 1569 612 1649 insignis
627 1570 716 1634 loeus
731 1576 789 1647 est,
813 1591 879 1651 quc
894 1572 976 1640 veris
992 1571 1060 1638 suis

122 1659 285 1722 coloribus
306 1659 464 1740 propheta
485 1658 584 1723 deum
601 1658 718 1740 pingit,
740 1666 780 1722 ut
793 1660 918 1726 territos
933 1661 1060 1727 animos

122 1746 348 1827 magnitudine
358 1751 563 1830 pcccatorum
575 1767 708 1812 suorum
719 1747 829 1827 erigat,
846 1754 878 1815 et
893 1748 929 1812 in
940 1754 1060 1814 certam

123 1855 218 1917 spem
228 1835 342 1901 veniae
356 1839 457 1900 vocet.
500 1836 553 1900 Ita
567 1836 656 1900 enim
671 1836 847 1900 absolvitur
862 1837 1060 1917 poenitentia

124 1944 178 1987 seu
198 1924 366 1989 conversio
388 1925 433 1988 ad
453 1924 562 2001 deum,
585 1925 614 1989 si
630 1929 717 1988 certa
735 1925 971 1992 misericordiae
986 1930 1065 2008 spss'v

123 2018 154 2075 ct
173 2013 297 2076 {iduma
317 2013 473 2077 accedat,
503 2015 600 2078 Recte
615 2019 726 2078 autem
740 2014 802 2077 hoc
816 2014 887 2078 loco
902 2014 1059 2078 fuerimus

124 2102 181 2179 usi,
205 2103 239 2167 si·
257 2103 403 2184 primum
424 2102 478 2166 his
500 2102 698 2184 gravissimis
721 2103 1059 2185 appellationibusdei

124 2211 178 2254 nos
193 2191 393 2255 erexerimus
404 2197 515 2254 eontra
525 2191 792 2274 desperationem.
820 2191 946 2255 Deinde
957 2192 1059 2258 etiam

124 2280 380 2345 transtulerimus
410 2280 453 2344 ad
484 2281 648 2362 exemplar
682 2279 770 2360 quod
803 2280 983 2358 imitemur,
1017 2281 1061 2346 ad

124 2369 348 2450 corrigendum
367 2368 404 2432 id
426 2369 572 2450 quodin
594 2368 689 2434 nobis
707 2369 859 2437 vitosum
874 2375 924 2435 est
938 2376 970 2434 et
985 2390 1060 2436 cum

124 2456 233 2524 diuina
255 2465 372 2523 natira
390 2465 523 2541 pugnat.

212 2541 343 2610 ‘Prima
364 2548 548 2629 appellatio,
572 2565 671 2627 quam
687 2549 845 2631 propheta
860 2548 920 2612 deo
936 2549 1059 2625 tribuit,

125 2641 170 2700 est
191 2629 377 2713 ohannun,⁸
403 2635 492 2718 quod
510 2637 701 2718 plerumque
721 2637 855 2704 vertitur
869 2637 1060 2714 misericors,

125 2723 178 2787 sed
207 2725 339 2808 proprie
367 2724 528 2806 significat
555 2726 762 2803 elementem,
786 2726 928 2803 facilem,
953 2727 1060 2807 benig·

126 2833 212 2879 num.
272 2814 374 2888 Quale
408 2820 519 2879 autem
548 2814 584 2877 id
613 2814 672 2890 sit,
708 2834 750 2877 ex
783 2814 938 2878 antithesi
968 2815 1061 2878 facile

126 2900 296 2982 intelliges.
340 2902 406 2966 Nos
428 2908 545 2966 natiue
566 2921 680 2967 sumus
709 2902 917 2970 inclementes
946 2908 979 2966 et
1005 2903 1061 2968 im·

126 2990 233 3068 mites,
265 2991 381 3056 offensi
409 3011 476 3054 non
503 2992 598 3055 facile
626 2990 788 3062 flectimur
815 2991 1061 3070 solenitatem,

128 3098 190 3143 non
220 3080 419 3162 ignoscimus
446 3080 558 3158 facile,
588 3079 645 3144 ssd
675 3080 758 3144 sicut
786 3085 882 3162 poeta
903 3081 1064 3145 Achillem

130 3168 243 3250 pingit.
265 3168 506 3251 implacabilem
539 3175 573 3233 et
606 3168 738 3246 durum,
773 3169 820 3232 ita
850 3170 916 3234 fere
951 3190 1063 3236 omnes

118 3275 247 3322 sumus.
295 3257 413 3321 Contra
436 3257 519 3322 deus·
538 3263 655 3321 natura
677 3258 750 3321 talis
766 3262 825 3336 ast,
848 3259 906 3339 qui
919 3280 955 3324 se
971 3260 1064 3324 facile

128 3345 203 3410 sinit
225 3347 329 3434 flecti,
358 3367 427 3412 non
448 3353 498 3415 est
519 3346 733 3429 implacabilis
761 3353 819 3412 aut
845 3347 1063 3426 inexorabilis,

181 3436 336 3516 primum,
359 3439 397 3502 ut
411 3435 459 3499 ita
472 3435 589 3513 dicam,
612 3435 747 3501 verbum
767 3431 975 3518 suplicantis4
993 3439 1063 3502 fiee·

163 3530 259 3588 uret
283 3524 445 3605 ignoscit·
478 3525 551 3588 Hoc
572 3524 717 3606 primum
739 3545 866 3608 oppone
894 3527 959 3590 tuis
983 3527 1064 3608 cogi·

163 3664 340 3678 ,αι-

215 3733 241 3802 1)
254 3735 309 3789 Dei
320 3735 440 3792 nomina
452 3750 528 3792 vera.
556 3735 584 3804 2)
601 3736 625 3789 Ι.
638 3735 710 3792 deus
730 3739 776 3793 est
788 3736 921 3793 clemens.
949 3733 977 3802 3)
990 3734 1064 3788 Ion:

167 3819 291 3883 annum,
325 3806 356 3876 4>
374 3807 428 3862 sict

854 3893 904 3948 12·
