2584 4267
451 304 567 391 'Joelis
589 304 775 388 prophetae.
1026 308 1089 370 235

149 482 293 546 subinde
314 481 470 545 aooendat
483 481 592 557 fidem,
616 501 658 544 116
673 488 805 564 propter
819 489 951 565 peecata
965 483 1093 549 dubitet

148 572 192 635 de
215 571 441 635 benevolentia
462 570 530 646 dei,
560 570 616 633 sed
638 577 677 633 ut
699 577 819 635 eertum
842 591 880 634 ao
901 579 1092 654 perpetuam

149 679 245 742 spem
289 659 489 722 remissionis
525 665 731 742 peecatorum
775 661 920 724 retineat.
983 662 1092 726 Utitur

148 755 262 812 sutem
283 747 382 812 verbo
404 745 589 824 ohiddeseh,
614 747 702 827 quod
715 753 901 826 ⁴restaurare
915 749 1090 829 signifieat.

149 837 238 911 Quis
271 836 360 899 enim
393 836 428 899 in
462 841 554 900 tanta
590 837 778 900 infirmitate
816 839 989 901 consistere
1026 859 1092 902 non

68 944 70 955 ·
148 945 340 1007 possumus,
370 924 452 1005 quin
478 944 574 1006 saepe
603 924 760 1002 labemur,
795 927 928 1008 spiritus
962 933 1091 990 sanctus

150 1020 262 1077 autem
290 1033 350 1095 per
377 1014 487 1094 lapsus
515 1018 627 1076 contra
661 1015 894 1096 conscientiam¹
919 1016 1090 1091 excutitur,

149 1103 333 1166 neeessaria
354 1103 434 1165 haee
456 1103 618 1183 praeeatio
647 1108 711 1179 est,
741 1108 779 1166 ut
801 1109 996 1167 restauretur
1018 1105 1090 1166 sub·

150 1190 229 1254 inde
250 1192 288 1255 in
310 1190 404 1253 nobis
419 1190 543 1253 donum
557 1192 662 1254 saneti
677 1191 819 1272 spiritus,
842 1211 885 1253 ne
906 1191 1091 1255 dubitemus

66 1336 70 1347 .
150 1281 234 1360 quin
262 1285 396 1362 peecata
426 1285 536 1342 nostre
563 1300 621 1360 per
643 1279 808 1343 Christum
837 1280 930 1342 nobis
958 1281 1092 1344 remisso

149 1369 228 1431 sint.
275 1367 505 1450 Compleutitur
538 1374 648 1431 autem
682 1368 762 1431 hneo
795 1368 954 1450 particule
981 1369 1089 1445 fidem,

150 1476 378 1608 qualulsglffl
396 1456 891 1625 {affidzritzoznldodilidmdsonm
920 1547 1089 1627 inquiens:

149 1633 200 1697 Ne
222 1634 373 1716 proiieias
395 1654 449 1696 me
471 1655 492 1696 a
513 1634 596 1698 facie
618 1639 689 1709 tua,
714 1639 747 1697 et
768 1634 920 1715 spiritum
942 1641 1090 1697 sanetum

149 1728 247 1786 tuum
269 1742 312 1785 ne
335 1723 461 1786 auferas
485 1743 505 1784 a
519 1741 582 1785 me.
628 1723 694 1784 Hio
708 1723 852 1805 primum
867 1723 1001 1786 observa
1024 1743 1089 1802 gro-

149 1810 223 1875 dus.
270 1811 331 1874 Est
363 1811 399 1874 in
427 1811 522 1874 nobis
551 1830 605 1874 eor
632 1809 859 1886 immundum,
890 1810 955 1873 fide
981 1816 1091 1874 autem

149 1899 363 1981 purificantur
385 1899 495 1976 eorda,
518 1905 557 1962 ut
578 1900 640 1962 etsi
662 1905 831 1981 peecatum
857 1898 956 1975 adsit,
980 1905 1091 1962 tamen

149 2007 218 2050 non
252 1989 441 2070 imputetur.
487 1988 572 2061 Quia
605 1993 716 2051 autem
749 1993 928 2068 peecatum
952 1987 1090 2051 subinde

149 2095 212 2140 nos
234 2076 384 2153 solicitat,
408 2083 442 2139 et
463 2078 499 2139 in
521 2076 616 2140 nobis
639 2081 764 2156 pugnat
782 2081 893 2138 eontra
906 2077 1011 2155 legem
1026 2074 1089 2151 dei,

150 2183 218 2228 non
241 2166 347 2228 solum
369 2164 433 2227 fide
455 2185 537 2246 opus
561 2170 618 2241 est,
643 2185 710 2244 qua
731 2169 911 2227 statuamus
931 2184 989 2245 per
1003 2163 1090 2226 Chri·

150 2259 239 2317 stum
260 2254 357 2316 nobis
380 2252 562 2317 oondonato
583 2273 652 2316 esse
675 2259 816 2334 1166611111,
840 2252 1012 2316 sedetiam
1027 2253 1090 2318 alio

150 2341 237 2405 dono
260 2342 394 2423 spiritus
417 2343 520 2405 saneti
542 2341 737 2422 indigemus,
761 2361 820 2404 nos
842 2347 880 2405 ut
902 2341 1089 2418 sanctificet,

149 2432 294 2506 honest,
318 2436 357 2493 ut
379 2431 547 2493 confirmet
565 2450 635 2507 nos,
658 2436 691 2493 et
714 2430 840 2506 excitet,
865 2450 906 2492 ne
922 2449 1091 2511 pareamus

150 2525 283 2600 peceato
307 2519 492 2595 solicitanti,
517 2519 574 2582 sed
597 2520 628 2582 ei
650 2518 846 2594 resistemus,
871 2524 904 2581 et
925 2518 961 2581 id
982 2520 1089 2581 morti-

150 2607 294 2670 fidemus.
342 2607 413 2670 Nisi
441 2609 530 2670 enim
557 2606 592 2669 id
614 2607 686 2683 fiet,
718 2607 747 2669 si
769 2606 998 2669 indulserimus
1020 2626 1089 2688 peo-

150 2701 223 2758 6616
250 2695 364 2758 abiicit
394 2715 453 2758 nos
480 2696 633 2759 dominus
664 2715 684 2758 a
718 2695 801 2757 faeie
827 2714 901 2770 sua,
935 2695 998 2757 hoo
1031 2700 1088 2769 est,

150 2803 261 2847 seoure
289 2790 460 2866 peoountes
493 2785 649 2864 relinquit
681 2783 748 2846 suis
782 2782 972 2862 desyderiis,
1007 2783 1091 2845 siout

150 2873 301 2954 exemplu
328 2877 404 2935 ante
433 2873 542 2936 oeulos
572 2878 658 2936 sunt.
704 2871 776 2934 Hoo
809 2875 938 2934 tuntum
968 2870 1091 2932 1116111111

150 2960 342 3042 depreeatur
375 2961 495 3038 David,
534 2968 567 3025 et
604 2961 688 3042 petit
720 2965 832 3022 eontra
867 2957 903 3021 id
940 2957 1091 3039 spiritum

152 3049 419 3112 sanctificantem.

241 3139 351 3201 Tertio
362 3133 483 3201 addit?
507 3137 616 3201 Redde
627 3137 712 3200 mihi
723 3137 881 3201 laetitiam
893 3135 1005 3200 salutis
1016 3141 1091 3198 tuse

150 3231 186 3290 et
200 3225 317 3308 spiritu
333 3232 483 3308 prompto
498 3227 654 3290 confirmo
668 3245 730 3288 me.
777 3227 850 3290 Hoc
864 3224 1020 3288 nimirum
1043 3229 1093 3287 est

150 3315 285 3377 tertium
307 3314 399 3391 illud,
424 3314 465 3378 de
487 3336 553 3396 quo
576 3334 674 3396 supra
696 3314 849 3377 diximus.
896 3314 981 3388 Quia
1003 3313 1092 3375 enim

192 3422 267 3464 unes
292 3403 350 3483 qui
377 3404 490 3468 volunt
512 3404 565 3486 pie
586 3404 623 3466 in
645 3402 773 3466 Christo
795 3403 917 3479 vivere,
947 3421 1091 3485 persecu-

192 3510 276 3553 ›nem
298 3491 471 3574 patientur,
498 3493 553 3556 hio
575 3511 704 3573 quoque
727 3492 843 3573 spiritu
865 3496 976 3555 sancto
999 3490 1092 3554 nobis

248 3697 273 3765 1)
298 3699 334 3753 11.
361 3699 501 3769 Spiritum
528 3704 661 3756 sanetum
688 3705 776 3770 rogat.
820 3700 849 3770 2)
875 3700 928 3754 ΠΙ.
955 3697 1092 3766 Spiritum

189 3773 322 3836 emptum
339 3776 427 3838 rogat.
