2584 4267
419 308 517 373 Joclis
540 311 724 391 prophetae.
977 313 1039 377 157

116 488 147 552 id
178 489 269 552 etiam
297 486 402 549 refero
431 486 473 549 ad
501 506 655 566 magnam
684 488 805 551 famem
835 495 868 553 et
894 510 1041 555 annonae

116 578 256 659 inopiam.
294 576 416 647 Luctus
432 575 633 639 sacerdotum
647 575 736 639 idem
750 578 918 657 significat.
958 580 1042 655 Quia

117 668 194 729 enim
224 665 259 727 hi
293 664 462 727 ciebantur
495 663 644 741 decimis,
681 685 740 728 nec
766 658 1040 747 reliquamm‘tri·

77 763 82 772 '
117 756 208 817 buum
234 753 382 835 exemplo
411 773 452 815 ex
485 772 561 833 agro
589 752 756 831 vivebant,
792 756 888 831 fumis
922 758 1039 820 incom-

117 843 204 906 moda
223 862 297 924 prae
321 841 454 906 caeteris
476 847 654 905 senserunt.
690 842 785 917 Quod
808 851 917 907 autem
933 846 1039 910 addit:

116 934 248 995 Mustum
275 930 448 1007 erubescit,
478 936 607 993 coactus
636 949 710 993 sum
736 933 873 996 retinere
898 934 984 997 hanc
1006 936 1039 996 fi·

116 1040 225 1100 guram,
249 1039 332 1100 quae
355 1019 416 1083 etsi
437 1019 473 1081 in
495 1025 605 1082 nostra
624 1019 738 1099 lingua
751 1023 848 1102 paulo
864 1024 906 1085 sit
920 1023 1039 1100 durior,

115 1116 213 1171 tamen
245 1107 424 1172 admodum
460 1108 591 1189 propria
624 1114 658 1170 et
691 1109 819 1188 elegans
854 1117 911 1174 est.
958 1112 1040 1175 Cum

114 1216 221 1277 magna
241 1216 379 1261 uvarum
402 1196 495 1278 copia
516 1202 574 1273 est,
598 1195 679 1259 vites
697 1198 930 1278 pulcherrimae
953 1219 1039 1263 exor-

115 1292 197 1349 natae
219 1292 304 1363 sunt,
328 1292 362 1348 ct
384 1286 477 1365 quasi
492 1284 656 1366 superbire
671 1284 855 1350 iudicantur
869 1307 928 1350 suo
944 1288 1039 1366 dono,

115 1375 189 1437 sicut
212 1380 308 1456 poeta
335 1374 439 1437 ridere
460 1380 554 1455 prata
583 1373 677 1450 dicit,
707 1394 783 1437 cum
812 1377 1040 1442 commoditate

115 1468 333 1544 tempestatum
363 1462 510 1543 gramina
538 1468 570 1525 et
596 1462 692 1526 flores
718 1472 931 1529 succrescunt.
977 1466 1040 1530 Sed

113 1550 161 1613 hic
194 1552 351 1634 propheta
388 1552 583 1616 contrarium
620 1552 795 1631 significat,
835 1574 910 1617 cum
947 1555 1038 1619 dicit:

114 1639 247 1703 Hobisch
269 1640 426 1704 thirosoh:
452 1640 623 1704 confusum
646 1646 696 1704 est
716 1648 862 1729 mustum
884 1643 1039 1705 deforma·

114 1734 159 1790 tac
185 1736 260 1794 sunt
287 1730 386 1806 vites,
417 1728 495 1809 quia
523 1734 600 1791 sunt
628 1728 699 1791 sine
728 1729 845 1793 fructu.
897 1731 1040 1810 Ideoque

114 1817 224 1897 pudore
258 1818 501 1894 suffimduntur,
536 1837 628 1897 aegre
662 1818 831 1899 patiuntur
864 1838 898 1881 se
928 1819 1039 1899 aspici,

114 1904 232 1985 fugium
254 1907 349 1987 quasi
370 1906 542 1969 hominum
564 1912 774 1987 conspectum
789 1913 848 1970 eta.
886 1907 1041 1969 Germani

115 1994 215 2057 eadem
242 1996 348 2075 figura
369 1996 501 2071 utimur,
532 1994 589 2058 der
618 1995 718 2057 uuein
745 1996 832 2059 steht
854 1995 1040 2058 schendlich

114 2082 179 2146 ubel
199 2090 258 2148 etc.
305 2083 405 2167 Saepe
438 2086 519 2148 haec
552 2084 657 2163 figura
688 2083 750 2146 hoc
782 2084 819 2145 in
850 2084 921 2147 loco
954 2103 1039 2165 repe·

113 2171 165 2234 tita
187 2179 242 2237 cst.

212 2348 448 2413 Erubescite
483 2348 695 2429 agricolae,
730 2348 905 2413 ullulate
933 2349 1040 2414 vini-

150 2444 266 2515 tores,
289 2443 458 2519 propter
480 2437 663 2503 triticum
685 2444 726 2501 et
747 2436 924 2515 ordeum,
949 2457 1039 2519 quo·

149 2526 255 2590 niam
293 2525 419 2609 periit
455 2527 597 2591 messis
636 2528 730 2607 agri.
788 2527 917 2590 Vinea
954 2546 1039 2589 eru-

149 2614 291 2693 bescit,
331 2622 372 2679 et
408 2614 508 2678 ficus
545 2620 710 2681 vastata
753 2622 826 2679 cst.
891 2615 1041 2677 Malum

149 2704 350 2785 punicum,
385 2705 481 2767 item
507 2705 658 2785 palma,
693 2710 731 2768 et
759 2723 914 2786 pomus,
951 2704 1040 2765 uni-

149 2812 279 2857 versae
303 2793 474 2872 denique
498 2793 660 2856 arbores
683 2792 767 2873 agri
788 2797 1039 2854 exaruerunt.

148 2881 238 2945 Nam
283 2881 474 2963 gaudium
520 2881 708 2945 filiorum
747 2879 955 2944 hominum
997 2879 1041 2940 iu

149 2971 422 3035 confusionem
455 2989 611 3035 versum
645 2976 713 3034 est.
763 2965 1041 3046 Accingimini

148 3066 184 3124 et
220 3060 411 3142 plangite
449 3058 688 3123 sacerdotes.
749 3054 935 3120 Ullulate
972 3054 1040 3117 mi·

148 3149 273 3212 uiatri
295 3148 448 3213 altaris.
491 3145 780 3227 Ingredimini5
803 3148 1041 3228 pernoctate

147 3235 187 3299 in
221 3236 366 3315 saccis,
404 3234 583 3301 ministri
616 3233 680 3299 dei
712 3235 804 3313 mei,
843 3234 1040 3315 quoniam

147 3324 354 3399 prohibita
375 3331 437 3389 est
464 3346 483 3388 a
510 3324 625 3389 domo
647 3324 714 3389 dei
735 3323 860 3390 vestri
881 3322 1040 3387 oblatio

162 3421 182 3479 t
209 3414 370 3478 libatio.

188 3574 303 3654 Longa
323 3574 404 3637 haec
426 3579 459 3637 et
480 3571 658 3636 admodum
687 3568 817 3652 copiosa
845 3570 887 3633 ad
915 3570 1038 3649 lachry-

158 3682 172 3727 s
193 3668 227 3726 et
246 3662 373 3727 luctum
395 3662 575 3725 exhortatio
597 3681 682 3744 pene
696 3661 799 3724 otiosa
812 3658 948 3723 videtur.
987 3657 1039 3718 Sic

162 3772 189 3815 m
210 3750 393 3815 iudicamus
415 3756 531 3815 natura
549 3751 628 3828 fieri,
651 3755 690 3814 ut
703 3748 901 3812 calamitates
914 3746 1039 3808 luctum
