2584 4267
226 293 293 356 522
619 291 750 359 ,Abdias

225 469 314 551 quod
337 469 482 550 germani
510 463 820 536 (1161111111111111111.1
847 469 920 533 Hos
947 476 1016 534 tam
1045 472 1168 552 magni·

149 569 150 573 ’
226 560 325 622 ficum
359 557 494 621 verbum
534 578 601 622 non
633 564 741 640 potest
774 559 943 622 convenire
978 567 1037 624 aut
1068 580 1170 641 regno

225 648 348 727 Iudae†
377 654 509 718 externo
532 653 590 710 aut
609 647 776 724 Israhelis,
800 648 1067 729 quandoquidem
1088 650 1169 712 Isra-

223 737 392 799 helitioum
415 755 552 816 regnum
574 755 744 816 nunquam
766 741 836 800 erat
855 737 1110 816 restituendum,
1133 737 1170 800 id

223 825 314 906 quod
337 831 446 906 aperte
467 825 570 904 liquet
592 844 633 886 ex
647 824 790 888 historiis
805 826 913 889 saeris.
959 823 1075 908 Itaque
1090 847 1168 909 pug·
1259 889 1264 898 ‚

223 915 339 976 nantia
361 913 417 976 ills
438 919 531 994 urget
552 932 612 977 nos
635 918 674 977 ut
696 914 737 977 de
752 914 912 996 spirituali
934 935 1034 997 regno
1048 915 1171 979 christi

223 1002 458 1081 intelligamus,
487 1021 604 1084 nempe
634 1002 760 1066 futrnos
783 1022 852 1067 esse
882 1023 924 1066 ex
945 1005 1066 1086 populo
1089 1005 1170 1067 Isra-

225 1090 356 1154 helitioo
383 1091 544 1172 apostolos
573 1096 607 1154 et
636 1089 814 1173 discipulos
844 1092 924 1156 alios
947 1093 1082 1169 Christi,
1112 1093 1173 1173 qui

225 1199 310 1244 nova
332 1179 569 1260 praedieatione
591 1180 750 1260 evangelii
775 1186 881 1244 totum
904 1181 1016 1245 orbem
1037 1175 1168 1244 essent*

224 1269 289 1332 sibi
311 1267 501 1345 subiecturi,
532 1268 642 1348 sieque
672 1268 852 1334 instituturi
881 1289 1003 1334 novum
1031 1290 1171 1350 regnum

161 1377 171 1386 ·
224 1363 259 1420 et
281 1363 458 1420 aeternum.
504 1358 612 1437 Atque
634 1357 698 1425 hoo
719 1364 769 1421 est
790 1357 879 1439 quod
901 1358 999 1422 dicit:

192 1502 194 1506 ’
248 1498 289 1560 In
311 1504 422 1562 monte
445 1497 532 1578 Syon
554 1498 623 1561 fore
646 1499 840 1576 evasionem,
864 1499 915 1564 vel
929 1500 1144 1564 salvationem

634 1607 763 1664 novam,

225 1695 289 1757 hoo
311 1700 375 1757 est:
407 1713 449 1756 ex
471 1692 558 1772 Syon
581 1693 742 1756 exituram
764 1695 864 1757 talem
886 1694 1170 1776 praedicationem,
1276 1728 1277 1743 ,

227 1803 311 1863 quae
332 1780 455 1845 eredita
475 1782 625 1845 liberaret
647 1802 667 1844 a
689 1787 808 1859 morte,
837 1789 969 1865 peceato
992 1789 1025 1846 et
1046 1784 1171 1847 inferis.
1276 1812 1277 1859 3

226 1871 385 1952 Hanoque
412 1870 556 1952 primum
584 1890 625 1933 ex
654 1870 741 1952 Syon
769 1878 941 1935 venturam
969 1891 1056 1950 esse,
1087 1873 1174 1936 siout
1276 1917 1277 1940 1

227 1965 261 2024 61
286 1959 399 2023 Esaias
429 1960 476 2022 ait
502 1978 573 2041 cap.
604 1960 687 2040 2:††
716 1961 763 2022 De
790 1959 879 2040 Syon
908 1960 1011 2024 exibit
1035 1962 1106 2038 lex,
1139 1966 1173 2024 et

226 2048 361 2112 verbum
384 2047 508 2111 domini
531 2048 571 2111 ds
586 2047 800 2112 Hierusalem.
847 2049 891 2112 111
904 2049 1090 2132 Iohelis†††
1115 2046 1173 2112 2ε*
1275 2104 1276 2123 ,

227 2139 268 2200 In
289 2136 494 2200 Hierusalem
516 2137 578 2200 erit
600 2131 764 2201 salvatio.⁸

509 2278 552 2342 st
575 2278 635 2342 erit
658 2281 887 2360 sanetus,††††

225 2384 262 2448 id
284 2390 333 2448 est
366 2403 432 2446 non
465 2384 585 2465 poterit
610 2384 751 2466 amplius
780 2385 882 2467 pollui
912 2386 1106 2467 agentibus
1134 2391 1172 2450 ut

226 2478 323 2535 antea
344 2472 467 2535 factum
490 2465 568 2536 est.⁴

316 2629 343 2697 ⁶)
361 2629 437 2684 Vide
454 2627 543 2683 Iohel.
563 2644 585 2682 e.
604 2627 630 2682 2.

316 2770 343 2840 1)
361 2771 458 2827 deest:
477 2771 603 2828 1111111111
619 2750 835 2841 Lpugnantia
870 2773 1002 2838 IegItur:
1021 2787 1170 2840 oocupare.
1272 2781 1275 2827 l

226 2843 302 2908 Quia
328 2846 426 2897 autem
448 2843 596 2909 coniungit
617 2858 740 2910 regnum
760 2844 836 2898 Iuda
861 2858 928 2896 cum
955 2857 1044 2910 regno
1062 2844 1171 2911 Ioseph

226 2931 279 2972 seu
291 2914 390 2983 Israel,
409 2913 487 2980 quod
504 2917 604 2968 tamen
621 2929 772 2981 nunquam
782 2913 957 2968 'restitutum
974 2917 1029 2982 est,
1046 2916 1078 2967 et
1090 2913 1169 2981 dicit,

226 2991 372 3054 utrunque
390 2988 625 3052 recuperaturum
649 2984 790 3052 pristinas
811 2985 897 3053 vires,
921 2983 997 3050 oogit
1022 2998 1077 3038 nos
1100 2999 1169 3051 pag·

225 3057 327 3110 nantia
350 3056 401 3110 illa
422 3058 456 3108 ut
480 3055 516 3109 de
536 3055 681 3122 spirituali
699 3070 763 3123 sqq.
808 3053 838 3122 2)
857 3058 934 3109 sunt.
977 3054 1008 3122 3)
1027 3053 1169 3108 Additur:

226 3125 265 3177 Et
277 3125 392 3182 Psalmo
404 3124 559 3194 110.†††††
588 3125 635 3179 Ex
653 3126 722 3180 Sion
740 3126 854 3180 emittet
867 3125 1003 3182 dominus
1022 3129 1171 3194 soeptmm

224 3198 311 3248 tuum
337 3200 389 3250 eto.
436 3195 467 3264 4)
486 3196 626 3251 Additur:
662 3197 732 3264 quia
760 3213 813 3266 per
837 3196 1008 3263 evangelion
1034 3195 1170 3251 remissio
1269 3222 1273 3254 1

1266 2941 1274 3095 ,ἱ

1265 3097 1274 3217 l

225 3269 408 3334 peecatorum
425 3268 552 3322 effertur.
589 3267 670 3321 Haeo
687 3283 754 3321 omn
771 3265 868 3336 adest,
893 3267 975 3321 nullo
996 3270 1117 3334 peccota
1139 3270 1171 3320 et
1272 3284 1273 3337 1

225 3335 376 3392 damnatio
386 3337 467 3392 nulla
477 3353 582 3392 nooere
594 3341 699 3406 potest.
722 3340 874 3392 Praeterea
886 3338 1023 3406 spiritum
1034 3340 1168 3391 sanetum
1272 3349 1273 3392 ἕ

225 3407 338 3462 habent
360 3408 410 3475 qui
432 3408 563 3476 quotidie
587 3409 619 3462 in
641 3409 752 3464 sanetis
777 3409 931 3464 mortificat
948 3423 1065 3463 earnem
1083 3411 1115 3462 et

225 3483 328 3534 saneta
345 3494 432 3547 opera
449 3479 600 3534 exuscitat.

315 3622 344 3690 †)
361 3622 493 3688 Regnum
501 3621 576 3676 Iuda
586 3638 654 3677 eum
665 3637 753 3690 regno
761 3621 873 3676 Israhel
885 3619 1073 3676 coniunctum
1083 3619 1135 3687 sigi

225 3693 421 3830 ᾓᾛῆῗςὲἓέι
404 3691 547 3818 1Ιῖ(3111111311
559 3692 608 3762 ††)
616 3693 711 3749 Esaia
719 3693 745 3750 2.
758 3694 823 3759 ffl)
830 3692 898 3749 Ioel
905 3691 1031 3809 α211111)
1038 3691 1135 3747 sanos

1270 3415 1273 3499 1
