2584 4267
440 295 558 360 amos
579 295 764 378 prophetae.
856 261 859 268 .
1015 295 1077 359 343

137 477 220 534 runt
251 477 286 536 et
318 470 540 536 adoraverunt.
590 466 737 544 ¹Iterum,
765 470 889 538 aceedit
921 469 968 557 adj-
997 493 1078 536 com,

138 559 356 624 minationem
376 565 452 642 post
473 561 739 657 exhortationem.

348 802 350 808 A
496 715 633 785 Iccirco⁹
664 726 723 786 etc.
857 801 859 806 7

233 826 382 900 Queritm
405 826 445 890 de
467 827 634 910 impietate
661 847 736 909 erga
758 827 855 890 deum
876 833 909 892 et
928 827 1080 893 violentia

122 935 218 997 ,erga
239 915 434 996 proximum.
465 916 610 980 Premere
630 935 788 999 pauperes
804 922 836 979 et
850 916 969 979 inferre
983 935 1081 979 onera

139 1024 226 1084 quae
247 1004 330 1068 ferre
351 1011 532 1085 nequeunt,
564 1005 752 1086 deglubitis,
782 1005 895 1087 rapitis
918 1023 975 1086 per
997 1005 1080 1086 phas

139 1098 175 1156 et
196 1093 289 1156 nefas
310 1111 479 1175 pauperes,
507 1099 541 1157 et
560 1095 709 1175 rapinam
738 1094 873 1158 electam
902 1087 1077 1177 ac[crpitis]:

139 1181 183 1244 ab
206 1201 255 1258 eo,
277 1200 361 1245 onus
384 1182 482 1244 etiam
504 1182 674 1263 significat,
698 1183 749 1247 vel
771 1181 899 1264 praeda,
923 1181 1079 1256 ablatum,

138 1271 289 1346 electum,
313 1277 378 1338 tuat
400 1276 468 1354 patt
490 1287 520 1336 et
541 1270 616 1353 hat,
639 1271 749 1335 omnia
763 1270 901 1351 gravam
916 1268 972 1348 late,
994 1269 1079 1351 taut,

137 1359 247 1440 Papa,
275 1357 441 1442 Principes
462 1359 547 1422 nihil
569 1361 683 1425 sinunt
703 1360 879 1436 intactum,
903 1357 972 1439 alut
995 1357 1080 1446 geben

137 1455 205 1513 mat
227 1446 263 1513 bo
284 1447 347 1528 tati
368 1454 428 1512 etc.
451 1450 588 1525 excusis,
610 1447 666 1515 tait
687 1429 865 1532 murteum
886 1446 995 1531 [tettan
1017 1452 1077 1511 etc.

138 1537 221 1617 qnia
249 1537 334 1600 sicut
366 1557 424 1602 vos
456 1537 580 1619 rapitis,
615 1538 662 1600 ita
689 1539 834 1620 rapietur
863 1536 955 1601 vobis
989 1537 1079 1616 desy-

138 1625 278 1703 deratas,
313 1622 406 1708 [Quae
438 1624 613 1710 matthana,
647 1626 883 1707 desyderabilia
915 1645 1010 1708 saepe
1043 1625 1080 1686 in

139 1714 309 1795 scapua,
333 1712 434 1797 rutro,
457 1713 535 1796 rea
557 1713 733 1796 meslete·
862 1729 864 1732 ’

138 1874 221 1954 quia
242 1874 319 1938 novi
340 1875 460 1938 multas
481 1873 767 1956 praevaricationes
789 1878 910 1938 vestras
933 1878 965 1936 et
987 1872 1078 1935 robu·
1205 1936 1207 1940 Α

525 1957 609 2026 stas⁸
637 1967 697 2025 etc.

230 2068 314 2133 Novi
347 2042 457 2132 suum!
477 2070 630 2132 affectum
664 2074 697 2133 et
728 2069 876 2151 ipsorum
909 2067 1077 2148 significat,
1126 2111 1131 2117 ‚

109 2234 115 2238 ῃ
136 2179 170 2238 q.
198 2156 231 2220 d.
254 2157 301 2220 ita
322 2157 458 2234 incedit,
490 2157 584 2239 quasi
613 2177 673 2238 ego
700 2157 867 2234 nescirem,
898 2157 945 2220 sic
971 2156 1077 2236 inps.

135 2242 238 2328 impii
252 2245 298 2309 sic
312 2251 431 2328 putant
445 2251 504 2310 eto.
536 2245 669 2323 adverti,
685 2265 760 2310 cum
775 2247 891 2314 affectu
903 2244 1078 2311 considero.

550 2406 672 2478 multae

136 2516 230 2589 eunt,
252 2511 310 2575 ubi
332 2531 389 2576 vos
412 2510 594 2592 gloriamini
617 2512 657 2576 de
679 2511 803 2578 iustitia
824 2517 939 2588 vestra,

532 2670 689 2748 robustas,

136 2775 221 2857 quia
242 2776 356 2841 nociva
378 2783 465 2854 sunt,
487 2775 542 2844 attt
563 2778 665 2861 gemuit
687 2775 763 2859 petat
784 2775 835 2860 tta
852 2749 938 2841 'brata

528 2937 569 2999 In

136 3039 175 3102 id
211 3046 276 3104 est:
316 3042 352 3104 in
385 3042 515 3125 publico
556 2943 693 3120 iffia:
734 3041 827 3104 facile
869 3039 1080 3122 supprimitur

136 3147 281 3210 pauper,
316 3149 452 3194 munera
485 3151 523 3194 ae
555 3131 674 3212 quibus
707 3131 875 3213 placantur
909 3135 947 3192 ut
975 3130 1081 3192 ferant

136 3217 270 3298 iniquas
293 3219 469 3283 sententias
491 3226 524 3283 et
542 3220 732 3304 opprimant
753 3237 919 3302 pauperes.
1069 3235 1073 3240 ·
1099 3217 1102 3228 '

436 3408 438 3415 v
555 3374 666 3464 silere⁴
713 3363 714 3366 ¹

158 3481 198 3545 ic
217 3503 275 3564 pro
302 3503 434 3562 cessare,
463 3485 634 3566 quiescere,
663 3505 711 3567 ps.
738 3486 788 3548 16.
834 3485 943 3564 Iustus
971 3492 1080 3550 autem

158 3759 210 3824 ‚v
233 3691 273 3816 11)3
283 3692 391 3762 Incipit
411 3694 460 3748 fol.
485 3693 528 3748 39.
544 3695 577 3748 Β.
603 3693 697 3749 MSCi.
741 3694 770 3764 2)
792 3712 819 3751 v.
846 3694 888 3754 11.
929 3692 958 3759 3)
983 3708 1009 3748 v.
1036 3691 1078 3784 12.
