2584 4267
217 272 280 336 194
528 269 633 352 Caput
655 267 835 332 secundum

214 447 315 512 ritum
336 466 433 510 suum
455 446 552 510 corda
574 446 706 522 excitet,
738 465 782 508 ne
808 446 882 509 fuco
911 453 969 510 aut
990 446 1166 528 hypocrisi

215 535 386 618 nosipsos
409 534 618 617 decipiamus.
665 534 807 599 Accedat
835 540 949 616 postea
970 535 1162 618 disciplina,

214 625 256 688 de
277 644 344 704 qua
364 625 522 706 propheta
542 625 599 687 hic
620 618 856 688 concionatur.l
894 623 1050 689 Hortetur
1063 631 1166 707 pater

217 713 358 777 familias
385 714 503 776 liberos
532 720 565 776 et
594 713 756 776 familiam
789 712 832 792 ad
866 717 1012 776 sanctam
1041 714 1161 778 vitam.

215 804 290 886 Ipse
318 809 420 866 certas
448 803 608 866 orationes
637 802 801 877 instituat,
832 821 913 881 quas
941 803 1165 882 subsequatur

167 960 169 963 ,
216 891 395 954 familia'et
415 891 524 967 liberi,
555 911 631 953 cum
661 897 719 954 aut
746 890 903 966 accedunt
932 890 974 952 ad
996 911 1161 968 mensam,

216 987 274 1044 aut
294 981 414 1044 lectum
437 980 566 1056 adeunt,
590 979 768 1060 inquibus
791 979 1004 1042 confiteantur
1024 986 1164 1061 peccata

217 1076 250 1134 et
272 1076 447 1150 querantur
469 1070 511 1132 de
532 1088 601 1139 suo¹
614 1088 652 1132 ac
674 1068 804 1149 publico
827 1068 969 1149 periculo
984 1087 1021 1130 ac
1043 1069 1164 1131 libera-

217 1159 339 1223 tionem
367 1164 490 1239 petant.
535 1159 625 1220 Haec
653 1157 774 1220 utiliter
801 1162 834 1221 et
860 1157 915 1238 pie
941 1156 1166 1220 instituuntur

217 1246 388 1328 priuatim,
413 1267 472 1310 nec
494 1247 557 1309 alia
578 1248 693 1310 melior
714 1246 767 1310 via
789 1245 917 1309 ostendi
939 1251 1058 1328 potest,
1091 1265 1164 1326 qua

218 1333 394 1400 evadamus
422 1336 581 1416 pericula,
610 1336 647 1397 in
674 1354 763 1416 'quae
793 1355 852 1398 nos
883 1340 992 1398 nostra
1019 1335 1164 1398 coniecit

218 1424 269 1488 vel
291 1424 485 1503 negligentia
506 1425 557 1486 vel
579 1423 779 1506 improbitas.

305 1512 473 1577 Hactenus
496 1513 693 1594 explicatum
716 1519 774 1588 est,
798 1511 886 1592 quod
910 1511 949 1574 de
972 1511 1112 1574 buccina
1128 1518 1163 1574 et

217 1600 340 1663 ieiunio
363 1600 592 1664 sanctificando
607 1601 764 1683 propheta
779 1600 872 1677 dixit,
896 1599 1054 1662 addemus
1068 1621 1161 1666 nunc

217 1690 341 1770 reliqua
362 1691 517 1753 membra.
552 1691 633 1753 Vult
646 1691 815 1754 convocari
834 1695 970 1765 coetum,
995 1695 1028 1752 et
1050 1689 1160 1770 colligi
1249 1702 1253 1713 “

219 1780 392 1860 populum,
423 1785 461 1842 ut
490 1778 532 1841 ab
560 1777 622 1842 hac
651 1779 833 1860 frequentia
854 1785 945 1842 tanta
967 1798 1063 1841 nemo
1086 1778 1160 1840 sine

219 1869 375 1948 singulari
404 1867 605 1950 turpitudine
632 1887 666 1930 se
693 1869 804 1930 abesse
833 1887 927 1950 posse
955 1872 1088 1942 statuat,
1127 1874 1162 1930 et

218 1957 266 2019 ita
293 1957 547 2038 quamplurimi
574 1954 617 2018 ad
646 1955 847 2019 audiendum
869 1957 1021 2032 verbum,
1053 1961 1085 2018 et
1117 1956 1161 2018 ad

218 2045 396 2109 orationem
424 2045 552 2127 publice
580 2045 754 2109 confluant.
808 2045 848 2107 Id
876 2044 964 2106 enim
993 2050 1042 2108 est
1070 2045 1162 2124 quod

219 2133 326 2196 addit:
350 2135 553 2197 Sanctificate
576 2127 774 2197 ecclesiam.²
822 2135 895 2197 Non
918 2134 1006 2196 enim
1029 2133 1099 2196 vult
1122 2140 1162 2195 ut

219 2223 412 2286 conveniant
433 2229 589 2303 tanquam
611 2222 654 2285 ad
683 2223 902 2303 spectaculum
928 2220 1060 2302 aliquod
1088 2241 1159 2302 pro

220 2310 376 2389 phanum,
400 2311 470 2373 tult
491 2317 528 2373 ut
543 2311 736 2374 conveniant
751 2311 793 2378 ad
807 2331 857 2373 res
873 2317 1008 2374 sanctas.
1041 2311 1161 2372 Forma

220 2397 372 2460 orationis
396 2417 436 2459 ex
458 2397 547 2460 Mose
569 2405 706 2484 sumpta
724 2393 801 2467 est⁸
838 2401 871 2462 Is
893 2399 1021 2462 iubetur
1044 2400 1161 2462 sancti-

221 2485 316 2547 ficare
331 2485 488 2567 populum
503 2485 545 2548 ad
560 2485 708 2564 biduum,
733 2489 922 2570 priusquam
937 2487 1101 2551 accederet
1116 2488 1162 2550 ad

220 2581 365 2638 montem
388 2581 421 2638 et
442 2573 568 2638 audiret
590 2577 881 2657 promulgationem
902 2571 1012 2656 legis.4
1061 2577 1162 2639 Varie

220 2669 330 2727 autem
345 2664 567 2727 sanctificandi
581 2665 717 2728 verbum
732 2667 913 2747 exponitur,
937 2665 1078 2728 Hebraei
1093 2665 1162 2728 fere

220 2753 386 2835 accipiunt
406 2774 465 2836 pro
483 2754 715 2836 praeparando,
733 2774 770 2817 ac
784 2755 1060 2836 praeparationem
1074 2755 1163 2816 hanc
1262 2767 1272 2816 ⁴.

221 2843 336 2907 dicunt
357 2844 467 2920 fuisse,
491 2842 579 2924 quod
602 2849 635 2906 et
657 2843 864 2907 abstinebant
885 2863 905 2904 a
927 2841 1163 2906 consuetudine

221 2933 395 3014 coniugum
417 2933 486 3008 viri,
511 2939 544 2996 et
566 2932 606 2995 de
621 2930 745 2996 mundo
760 2932 878 2996 vestitu
894 2931 1057 2994 curabant.
1097 2930 1163 2993 Sed

221 3022 340 3086 leviora
361 3023 441 3084 haec
454 3018 541 3084 'sunt
555 3041 655 3102 quam
670 3027 707 3084 ut
722 3021 914 3084 conveniant
935 3026 1044 3083 tantae
1059 3019 1106 3082 rei
1129 3027 1165 3082 et
1267 3027 1272 3106 t

223 3117 291 3173 tam
319 3117 455 3189 augusto
482 3110 609 3172 nomini
643 3109 844 3173 satisfaciant
872 3127 910 3172 ac
938 3107 1161 3171 sanctificatio·
1270 3149 1272 3176 .

204 3217 299 3258 nem
333 3198 508 3261 absolvant.
555 3199 621 3261 Nos
654 3204 738 3262 recte
773 3197 967 3262 sententiam
996 3217 1038 3259 ex
1066 3197 1164 3260 tertio
1270 3197 1272 3266 ἕ

223 3292 392 3367 praecepto
414 3287 615 3367 colligemus,
645 3287 733 3366 quod
760 3286 852 3350 iubet
873 3286 960 3348 diem
983 3285 1163 3348 Sabbatum
1271 3299 1272 3306 ¹

224 3374 500 3452 sanctificandum,
516 3376 579 3440 hoc
593 3381 651 3451 est,
668 3374 856 3457 ponendum
870 3375 906 3437 in
922 3381 1049 3438 sanctas
1065 3394 1114 3437 res
1130 3381 1163 3436 e*
1270 3355 1272 3428 ζ

225 3482 337 3527 verum
353 3463 406 3527 dei
420 3465 553 3540 cultum,
578 3484 644 3528 non
666 3464 702 3526 in
717 3465 884 3546 prophana
899 3463 1027 3544 negotia
1042 3463 1144 3544 quibu

1269 3493 1272 3573 r

315 3674 341 3742 1)
362 3675 495 3730 Officium
516 3677 633 3743 patrum
657 3675 790 3730 familias.
827 3673 856 3742 2)
875 3673 1056 3729 sanctificare
1078 3674 1155 3728 eccle
1269 3627 1272 3662 ἕ

227 3744 301 3800 siam
319 3745 396 3814 quid.
433 3745 461 3814 3)
480 3747 556 3800 Ien:
575 3747 668 3802 Exod.
688 3746 730 3800 19.
767 3743 795 3813 4)
815 3745 995 3801 Sanctificate
1013 3746 1152 3814 populum

1252 3877 1272 4033 l
