2584 4267
432 303 453 367 J
454 304 555 366 chelis
572 303 760 382 prophetae.
1024 306 1063 367 61

119 486 220 541 textu
254 480 426 543 manifeste
459 482 600 559 poeticas
635 475 781 557 siginae*
830 480 950 544 Dicunt
977 483 1065 543 enim

117 574 248 647 poetae,
273 564 376 630 ridere
399 575 491 647 prata
514 575 546 631 et
568 572 699 647 segetes,
724 568 784 629 hoe
800 575 849 631 est
864 569 971 633 felicia
985 589 1062 633 esse.

115 656 189 719 Hic
213 651 267 718 in¹
295 656 490 719 eontrarium
513 655 592 720 dicit
615 656 722 734 lugere
742 661 869 733 terram,
894 658 1065 721 confusum

119 764 194 806 esse
217 745 332 806 vinum
356 751 413 807 etc.

374 905 552 969 Confusum
575 910 623 968 est
646 908 824 985 mustum.†

215 1010 306 1073 Nova
327 1030 392 1073 vox
418 1011 454 1073 in
477 1011 539 1073 isto
566 1012 736 1091 propheta,
766 1012 947 1091 frequenter
975 1014 1062 1077 enim

118 1099 171 1160 sie
193 1099 345 1178 loquitur.
394 1098 585 1162 Germanice
611 1094 713 1163 recte²
744 1101 831 1164 hunc
858 1100 992 1164 modum
1020 1103 1061 1163 lo·

120 1186 248 1265 quendi
271 1188 439 1250 imitamur
457 1188 598 1252 dieentes
621 1189 669 1253 bet
692 1198 771 1270 menn
793 1188 874 1270 [tebet
896 1184 1059 1269 [uemlitbst

118 1294 190 1353 qua
218 1295 295 1338 voce
322 1277 422 1338 etiam
445 1276 598 1339 Salomon
625 1280 661 1339 in
688 1278 832 1357 proverb.
862 1296 957 1357 saepe
984 1298 1062 1340 usus

119 1369 172 1424 θεῖ
199 1362 241 1425 de
268 1365 335 1426 fflio
363 1364 495 1427 confimo
523 1371 555 1426 θῖ
582 1365 716 1428 muliere
751 1365 884 1428 confusa
916 1366 1060 1445 loquens,

116 1461 175 1533 eru
198 1449 333 1532 roario
356 1447 487 1535 aeas

455 1613 595 1693 Languit
617 1614 733 1675 oleum.

212 1713 296 1784 ibe?
325 1718 368 1785 oei
389 1718 423 1802 tt
437 1725 509 1784 mot.
544 1717 583 1780 Id
599 1725 662 1781 est:
687 1718 759 1781 Non
775 1721 895 1799 profert
909 1720 1058 1783 fructum.

119 1805 259 1869 Confessi
283 1814 359 1870 sunt
382 1807 547 1887 agricolae,
573 1808 703 1870 miseret
725 1828 778 1870 me
801 1828 921 1871 eorum.

311 1966 412 2046 Super
435 1967 596 2029 frumento
619 1968 695 2029 vino
719 1973 750 2028 et
773 1967 877 2030 ordeo.

212 2073 264 2134 Ex
282 2074 433 2135 hebraeo.
481 2073 583 2153 Super
605 2073 751 2135 triticum
775 2080 807 2135 et
829 2073 970 2137 ordeum.
1008 2074 1059 2136 Vi·

118 2181 202 2223 num
215 2162 304 2223 enim
316 2181 381 2224 non
393 2167 442 2223 est
452 2161 488 2223 in
499 2162 645 2236 hebraeo,
660 2159 768 2223 idest:
782 2161 894 2237 vident
905 2162 1061 2241 agricolae

117 2270 186 2312 non
202 2248 347 2312 futruam
363 2268 501 2315 messem
516 2249 669 2313 omnibus
684 2248 831 2329 frugibus
850 2251 1058 2330 consumptis,

117 2339 218 2427 nihil*
234 2357 399 2417 superesse
426 2337 538 2402 vident
565 2357 664 2418 quam
693 2338 818 2401 luctum
846 2345 877 2400 et
904 2339 1057 2402 dolorem.

423 2516 527 2577 Vinea
550 2515 683 2578 confusa
706 2522 760 2579 est.

210 2622 342 2685 Rectius
369 2622 445 2684 vitis
472 2620 606 2685 confusa
632 2628 689 2685 est.
741 2622 864 2684 Eadem
899 2627 947 2683 est
974 2641 1057 2701 repe·

117 2711 192 2773 titio
216 2709 318 2773 cladis
341 2710 525 2813 praesentis.

251 2892 257 2901 ·
372 2870 552 2935 Confusum
575 2877 623 2933 cst
645 2868 809 2949 gaudium.
1122 2956 1127 2967 .

209 2976 310 3039 Vides
348 2975 436 3056 quod
469 2978 549 3039 haec
582 2977 712 3056 propria
745 2981 793 3037 est
831 2976 956 3055 phrasis
991 2996 1058 3054 pro-

118 3066 249 3144 phetae,
281 3064 368 3143 quod
396 3065 436 3127 dc
463 3065 652 3128 confusione
679 3065 830 3143 loquitur.
883 3062 1057 3139 Gaudium,

208 3236 234 3306 ⁵)
251 3239 385 3292 Poeticae
403 3240 510 3304 figurae
528 3232 561 3291 in'
578 3237 774 3307 prophetis&

209 3398 428 3465 1)Hicautem
447 3399 629 3452 contrarium.
667 3396 695 3465 2)
714 3400 790 3449 recte
812 3396 959 3450 imitamur
981 3398 1059 3451 hunc

169 3468 237 3523 dum
254 3469 393 3537 loquendi
412 3469 541 3524 dicentes
559 3484 621 3536 sqq.
650 3467 679 3534 3)
697 3466 821 3537 inmiti).
838 3466 879 3535 4)
897 3470 1060 3534 germanica

157 3540 276 3606 ,criptio
294 3540 383 3595 deest
420 3539 449 3606 ὁ)
467 3539 563 3593 deest:
582 3544 622 3595 tet
641 3568 675 3576 -
694 3537 724 3592 id
742 3543 795 3592 θεῖ.

171 3763 172 3766 ¹
207 3701 235 3769 †)
264 3699 427 3755 Confusam
453 3701 561 3754 vinum.
617 3699 761 3754 Confusus
791 3700 876 3753 filius.
932 3698 1059 3753 Confusa

170 3770 227 3824 tier.
265 3770 313 3838 ἡ)
331 3771 462 3824 Poeticae
481 3772 595 3837 figurae.
