2584 4267
49 511 53 518 ’
121 583 122 586 ¹
215 515 326 574 turum
348 531 406 591 per
428 511 632 592 evangelium
654 511 846 574 describitur
868 517 927 574 etc.

218 246 283 309 490
627 247 750 310 Abdias
1086 253 1090 258 '
1176 8 1285 434 Ὗ

216 441 360 502 regnum,
386 429 422 487 tu
438 423 536 485 etiam
552 423 789 503 subiugaberis,
814 441 951 502 regnum
966 422 1088 484 Christi
1110 421 1157 484 fu·

551 670 643 733 Visio
667 663 812 745 obadia,¹

215 774 255 837 de
278 795 336 855 pro
359 776 410 852 ad,
448 851 453 862 ,

251 934 373 996 famam
396 933 589 1010 audivimus,
614 935 700 997 inter
722 941 834 1014 gentes
856 935 1003 1009 missum,
1029 952 1111 1009 eam,

214 1038 336 1102 scilicet
357 1040 556 1116 Idumaeam,
580 1041 722 1121 loquitur
744 1040 785 1104 de
808 1046 900 1103 terra.
937 1039 1007 1101 vult
1029 1037 1158 1102 terref-
1280 1038 1284 1081 ἒ

215 1147 285 1190 ecre
307 1129 386 1192 istos
405 1178 515 1192 .....
539 1128 711 1192 Idumaeos
741 1130 812 1192 istis
840 1128 1049 1209 metaphoris.
1097 1128 1158 1190 Do·
1283 1134 1284 1141 ’

213 1217 323 1279 minus
352 1218 495 1297 loquitur
523 1216 562 1280 de
586 1217 683 1294 fama,
709 1224 740 1281 ed
768 1216 803 1299 itt
831 1226 884 1298 ebn
912 1213 1031 1298 neitbret)
1062 1213 1160 1280 lumen

214 1304 302 1383 quod
335 1306 461 1385 legatus
498 1305 542 1369 sit
567 1307 687 1368 missus
717 1305 759 1368 ad
789 1311 910 1385 gentes.
965 1305 1158 1386 metaphora

215 1398 345 1474 sumpta
371 1395 507 1456 arebus
536 1393 660 1456 bellicis
687 1394 745 1456 ubi
772 1393 870 1474 legati
907 1393 1082 1457 mittuntur
1116 1392 1160 1454 ad

171 1515 173 1518 ·
214 1481 350 1542 concilia
373 1487 431 1544 etc.
472 1479 511 1560 id)
540 1481 594 1562 bob
621 1491 719 1565 menne
740 1481 835 1548 bullen
864 1479 944 1562 leben
965 1478 1158 1564 ctssqeitbldt,

215 1568 302 1648 quod
325 1570 381 1631 alii
407 1589 465 1652 per
487 1571 573 1650 leges
596 1577 713 1650 agunt,
743 1591 803 1651 ego
831 1571 947 1652 spiritu
977 1591 1060 1632 meo.
1115 1570 1157 1632 lo·

215 1657 324 1735 quitur
346 1656 426 1721 deus
449 1659 543 1739 quasi
565 1658 608 1722 sit
621 1660 731 1722 homo.
777 1660 868 1722 Inter
889 1665 1010 1739 gentes,
1036 1658 1160 1720 scilicet

215 1744 384 1822 Caldaeos,
415 1747 451 1809 in
473 1747 645 1828 proelium,
684 1748 720 1810 in
748 1748 879 1811 bellum.
932 1747 1031 1811 verba
1060 1747 1159 1827 legati

214 1833 272 1912 qui
287 1835 470 1898 conciliabit
485 1837 547 1898 sibi
562 1837 671 1918 copias
686 1837 833 1916 gentium
847 1842 958 1900 contra
974 1836 1156 1898 Idumaeos.
1218 1852 1222 1861 ·

563 1995 603 2056 In
626 1989 806 2074 gentibus,²

215 2099 300 2160 inter
322 2105 449 2178 gentes,
479 2099 597 2180 premit
625 2099 778 2163 fiduciam
808 2100 947 2163 attollit
970 2100 1159 2180 superbiam

215 2206 334 2249 eorum.
382 2187 504 2251 Natura
531 2189 594 2251 fuit
622 2189 745 2252 invisus
775 2187 905 2251 Iudaeis
927 2188 982 2250 hic
1004 2188 1157 2269 populus,

214 2273 356 2337 fraterna
389 2274 465 2338 odia
499 2278 671 2352 atrociora,
706 2277 791 2339 inter
824 2277 991 2357 coniuges:
1034 2282 1159 2356 quanto

214 2380 304 2424 amor
327 2363 504 2440 ardentior,
536 2370 626 2427 tanto
649 2370 708 2430 etc.
732 2369 825 2447 qttttet
845 2375 925 2447 metu
947 2363 1039 2444 matht
1061 2369 1160 2448 gluten

214 2446 296 2531 tibio.
349 2470 415 2513 non
438 2456 507 2513 tam
529 2453 616 2533 quod
640 2447 771 2538 erep[ta]
796 2459 845 2516 est
867 2453 1064 2529 benedictio,
1099 2453 1159 2516 sed

214 2537 302 2617 quod
325 2539 501 2619 cogitasse
524 2541 584 2604 sub
607 2541 684 2621 iugo
706 2542 908 2604 Iudaeorum.
953 2541 1073 2606 videris
1096 2541 1159 2605 tibi

214 2646 342 2707 magna,
367 2627 424 2692 scd
446 2629 503 2692 vix
526 2647 638 2694 musca
661 2649 694 2692 es
718 2629 760 2692 ad
782 2665 826 2676 -

542 2785 829 2875 contemppietlap

214 2900 252 2957 ut
274 2894 317 2956 sis
341 2899 546 2976 contemptus
569 2901 606 2958 tu
628 2894 731 2959 valde.

455 3047 696 3134 ³praesumptio
720 3054 825 3118 cordis
849 3047 918 3118 tui⁴

215 3159 370 3240 imposuit
404 3159 465 3224 tibi
498 3138 581 3240 quae
616 3160 752 3236 exaltas,
788 3160 899 3223 omnia
917 3151 1086 3222 'dicuntur
1112 3159 1157 3221 ad

215 3247 425 3330 premendam
448 3250 517 3312 eius
540 3247 703 3325 fiduciam,
727 3254 822 3329 putas
838 3255 870 3311 te
885 3247 997 3328 magni
1012 3247 1157 3310 nominis

215 3355 284 3399 esse
306 3336 341 3398 in
363 3339 501 3418 populis,
525 3337 643 3401 faciam
666 3343 704 3400 ut
725 3338 770 3400 sis
786 3343 980 3418 contempta,
1004 3337 1040 3398 in
1060 3336 1156 3400 cori*

215 3418 446 3576 vehe[rrbreoter]:
483 3427 678 3506 praesumis,
713 3426 777 3490 ista
803 3425 1024 3514 praesumptio
1052 3425 1115 3506 imp

216 3519 272 3576 net
294 3513 320 3576 ti
342 3512 364 3575 i.
772 3527 775 3533 ·

216 3645 430 3659 ...q-...—

305 3702 332 3771 1)
342 3721 368 3759 v.
383 3704 407 3756 1.
438 3704 466 3772 2)
479 3722 505 3760 v.
519 3704 543 3764 2.
572 3705 601 3774 3)
621 3705 729 3786 Incipit
740 3705 787 3761 fol.
802 3704 863 3758 148.
878 3705 912 3758 Α.
927 3702 1020 3758 Mser.
1048 3701 1078 3769 4)
1091 3720 1119 3758 v.

1129 695 1140 703 -
1274 514 1284 813 l
