2584 4267
921 260 1121 322 Amos
1167 261 1536 341 prophetae.
2041 261 2167 325 381

280 440 761 520 poenitentiam
805 431 1287 502 revocarentur1
1351 437 1544 501 verbo
1591 437 1699 500 dei
1744 438 2169 502 abundantes.

280 528 412 588 Sed
461 536 541 588 ut
585 547 836 608 eemper
881 531 1328 607 contemptum
1387 531 1485 590 est
1530 527 1817 603 verbum,
1882 527 2050 590 sicut
2109 533 2175 590 et

280 616 485 680 hodie
537 615 984 691 contemnitur,
1032 615 1125 678 ita
1170 620 1235 679 et
1278 621 1423 677 tum
1466 615 1721 685 nullum
1749 616 1967 678 locum
1997 615 2172 696 apud

280 726 392 768 eee
445 704 717 768 verbum
761 704 1008 780 habuit,
1057 704 1271 767 nullus
1319 703 1446 768 fuit
1485 708 1809 785 respectus
1841 698 1940 768 et²
1995 704 2175 768 verbi

284 788 360 872 eti,
412 812 808 876 preeeeuum
865 792 1061 856 verbi.
1154 793 1384 856 Paucis
1454 811 1642 855 curae
1710 793 1837 856 fuit
1903 791 2172 865 verbum

280 888 487 964 etque
545 884 613 944 in
673 884 757 944 ᾖε
814 887 1145 962 utcunque
1212 882 1435 962 paucis
1504 881 1662 945 deus
1722 901 1837 962 per
1902 881 2172 946 verbum

284 992 481 1032 enum
521 972 792 1032 salutem
831 976 929 1034 est
969 977 1293 1051 operatus;
1329 971 1577 1050 reliqua
1604 971 1974 1046 multitude,
2019 970 2173 1049 quia

284 1052 598 1124 verbum-²³
653 1059 1059 1141 eentempsit,
1116 1059 1316 1121 irrisit
1361 1064 1426 1120 et
1468 1058 1963 1139 blasphemavit,
2019 1059 2172 1138 quia

284 1148 641 1228 prophetae
689 1148 773 1211 ad
816 1147 1256 1210 nunciandam
1302 1148 1577 1209 salutem
1607 1146 1837 1210 missos
1866 1148 2035 1209 male
2066 1146 2170 1208 ad·

288 1236 465 1312 feeit,
541 1236 890 1312 exibilavit,
961 1236 1228 1316 indigne
1274 1236 1590 1311 tractavit,
1653 1235 1919 1298 tandem
1975 1236 2172 1298 etiam

292 1328 549 1400 eeeidit,
597 1319 864 1388 merito4
918 1345 1032 1407 per
1077 1324 1274 1387 deum
1305 1331 1403 1387 est
1448 1318 1754 1388 abiecta.⁵
1852 1325 2031 1387 Haec
2076 1329 2175 1387 est

292 1416 569 1496 speeies,
641 1416 855 1494 ‘imago
915 1419 981 1476 et
1032 1412 1240 1476 forma
1300 1413 1479 1477 verbi
1537 1412 1673 1489 dei,
1735 1433 1852 1477 nos
1899 1433 2032 1477 non
2076 1418 2175 1476 est

292 1504 469 1584 qued
521 1522 848 1584 speremus
893 1501 1176 1566 meliora.

477 1592 745 1652 Summe.
789 1611 936 1671 ergo
984 1598 1049 1654 et
1093 1610 1324 1672 scopus
1354 1591 1731 1672 prophetiae
1761 1593 1960 1654 Amos
2003 1595 2167 1671 est†:

296 1680 573 1760 Ceri-ipit
633 1688 697 1744 et
753 1678 1058 1743 admonet
1115 1680 1466 1742 Israhelem
1484 1729 1497 1756 ‚
1569 1685 1645 1741 ut
1710 1680 2043 1760 resipiscat
2111 1686 2176 1741 et

292 1772 625 1852 poeniteat
669 1788 860 1848 euper
905 1769 1240 1850 impietate
1256 1817 1269 1844 ,
1331 1760 1458 1830 ita⁶
1513 1767 1807 1830 futurum
1824 1816 1838 1845 ,
1895 1772 1970 1830 ut
2014 1767 2171 1829 cala-

292 1860 593 1920 mitatem
661 1857 1114 1920 imminentem
1160 1849 1439 1919 iudicio⁷
1494 1856 1603 1918 dei
1672 1874 1890 1920 cavere
1950 1857 2169 1936 possit.

292 1948 421 2008 Sed
469 1948 721 2028 egregie
779 1952 1150 2028 contempta
1202 1951 1301 2008 est
1354 1944 1492 2008 eius
1548 1943 1957 2026 praedicatiO,
2019 1965 2174 2006 nam
2264 2015 2268 2023 ,

292 2044 749 2116 praeterque-m
801 2035 978 2115 quod
1033 2035 1276 2114 alioqui
1331 2034 1600 2099 verbum
1657 2039 1723 2096 et
1776 2033 1954 2096 verbi
2000 2053 2171 2113 prae-

292 2144 489 2188 eenee
533 2117 816 2188 mundess
859 2116 936 2186 'et
964 2123 1283 2204 sapientia
1314 2120 1521 2185 carnis
1552 2122 1971 2202 ingratissimi
2002 2125 2170 2196 sunt,

292 2236 368 2276 ee
404 2212 605 2276 etiem
637 2220 918 2294 tempore
950 2207 1395 2300 prophetavit*
1425 2213 1624 2274 Amos
1656 2231 1785 2291 quo
1816 2211 1887 2272 in
1919 2229 2175 2273 summo

292 2304 453 2364 flere
501 2304 629 2364 fuit
673 2321 943 2380 regnum
987 2301 1247 2376 Israhel,
1295 2300 1486 2363 rebus
1533 2299 1835 2362 omnibus
1866 2299 2177 2361 foeliciter

296 2392 697 2464 cadentibus,
773 2389 1057 2470 (quando
1118 2395 1183 2453 et
1227 2389 1421 2452 Ozeas
1490 2383 1950 2472 prophetavit),
2022 2407 2177 2451 nam

481 2600 533 2668 ¹¹)
577 2600 787 2668 [ue-ipit
821 2616 876 2667 p.
915 2599 1038 2652 XL.
1077 2597 1266 2652 Msci.

485 2760 537 2828 1)
601 2760 793 2812 Deest:
848 2758 1024 2812 verbo
1063 2787 1128 2796 -—
1177 2760 1267 2810 est
1311 2756 1566 2813 verbum.
1649 2755 1905 2822 Legitur:
1958 2771 2179 2811 revoca-

296 2836 501 2884 rentur
559 2832 649 2884 vel
705 2830 880 2897 aliqui
934 2845 1000 2882 ac
1051 2829 1342 2882 discerent
1396 2825 1680 2894 quomodo
1735 2842 1797 2880 se
1850 2827 1915 2878 in
1969 2825 2179 2880 futuris

300 2900 473 2952 meh'e
533 2900 976 2956 eeueelerentur.
1061 2899 1220 2953 Sicut
1273 2902 1467 2952 autem
1526 2912 1753 2964 semper
1808 2895 1989 2949 maior
2043 2912 2180 2963 pars

300 2972 541 3024 verbum
573 2971 934 3040 contempsit,
973 2970 1122 3025 sicut
1156 2986 1279 3038 sqq.
1354 2968 1410 3036 2)
1450 2969 1653 3023 Deest:
1692 2971 1765 3022 et.
1838 2966 1894 3034 3)
1934 2970 2181 3027 contem-

300 3044 421 3108 psit
461 3040 792 3112 verbum.††
863 3040 920 3108 4)
978 3041 1181 3095 Deest:
1238 3041 1460 3094 merito.
1534 3039 1589 3107 5)
1647 3039 1844 3093 Deest:
1900 3036 2061 3092 Haec
2114 3067 2181 3076 —

304 3130 621 3180 spei-efflue.
705 3113 963 3178 Legitur:
1016 3112 1266 3180 abiecta,
1321 3115 1379 3165 et
1433 3126 1649 3178 poenas
1706 3113 2070 3177 contemptus
2125 3112 2185 3162 et

304 3184 637 3236 eeeuritetie
677 3199 811 3237 etiae
847 3183 971 3236 luit.
1047 3183 1206 3236 Haec
1233 3198 1460 3250 semper
1497 3182 1726 3235 fortuna
1761 3180 1923 3236 verbi
1960 3180 2086 3249 fuit,
2126 3183 2185 3233 et

306 3256 509 3308 mundi
549 3260 769 3320 nature,
809 3269 986 3322 quare
1021 3253 1171 3306 nihil
1207 3258 1311 3321 est,
1350 3253 1505 3321 quod
1541 3269 1648 3325 nos
1685 3252 1857 3306 hodie
1884 3267 2183 3322 speremus

308 3328 557 3380 meliore.
661 3324 713 3392 H)
777 3340 842 3378 ac
897 3325 980 3379 ita
1033 3325 1291 3378 futurum
1328 3324 1484 3392 dicit,
1539 3328 1605 3377 ut
1641 3340 1763 3392 sqq.
1864 3322 1918 3391 7)
1982 3323 2182 3378 Deest:

312 3396 521 3448 'udin-:ie
561 3396 669 3448 slei.
745 3395 799 3464 H)
839 3395 1091 3450 mundus
1128 3399 1187 3449 et
1224 3395 1509 3463 sapientia
1546 3395 1735 3449 carnis
1773 3395 2024 3448 maxime
2062 3394 2183 3449 odit

340 3472 364 3520 t
400 3468 782 3536 persequitur,
822 3483 890 3521 eo
928 3483 1051 3534 sqq.

489 3664 545 3732 Τ]
589 3664 705 3716 Ien.
733 3668 791 3718 et
809 3665 1020 3718 Vuitt.:
1048 3663 1282 3716 Summa
1302 3664 1636 3730 prophetiae
1656 3663 1849 3714 Amos.
1888 3657 1983 3728 ††)
2004 3659 2183 3712 Verbi

332 3740 368 3788 ·t
404 3736 803 3789 minist-:rerum
839 3739 1217 3802 contemptus.
1723 3736 1732 3745 “
