<?xml version="1.0" encoding="UTF-8"?>
<!DOCTYPE html PUBLIC "-//W3C//DTD XHTML 1.0 Transitional//EN"
    "http://www.w3.org/TR/xhtml1/DTD/xhtml1-transitional.dtd">
<html xmlns="http://www.w3.org/1999/xhtml" xml:lang="en" lang="en">
 <head>
  <title>
</title>
<meta http-equiv="Content-Type" content="text/html;charset=utf-8" />
  <meta name='ocr-system' content='tesseract 3.04.00' />
  <meta name='ocr-capabilities' content='ocr_page ocr_carea ocr_par ocr_line ocrx_word'/>
</head>
<body>
  <div class='ocr_page' id='page_1' title='image "./exegeticaoperal12luthgoog_0187.png"; bbox 0 0 2584 4267; ppageno 0'>
   <div class='ocr_carea' id='block_1_1' title="bbox 197 259 866 389">
    <p class='ocr_par' dir='ltr' id='par_1_1' title="bbox 197 259 866 389">
     <span class='ocr_line' id='line_1_1' title="bbox 197 259 866 389; baseline -0.003 -19"><span class='ocrx_word' id='word_1_1' title='bbox 197 259 210 286; x_wconf 35' lang='lat' dir='ltr'><strong>t</strong></span> <span class='ocrx_word' id='word_1_2' title='bbox 242 307 288 370; x_wconf 84' lang='lat'>-17</span> <span class='ocrx_word' id='word_1_3' title='bbox 292 311 311 372; x_wconf 82' lang='lat'><strong>6</strong></span> <span class='ocrx_word' id='word_1_4' title='bbox 555 307 668 389; x_wconf 75' lang='lat' dir='ltr'>Caput</span> <span class='ocrx_word' id='word_1_5' title='bbox 689 305 866 370; x_wconf 86' lang='lat' dir='ltr'>secundum</span> 
     </span>
    </p>
   </div>
   <div class='ocr_carea' id='block_1_2' title="bbox 245 479 1184 1099">
    <p class='ocr_par' dir='ltr' id='par_1_2' title="bbox 245 479 1184 1099">
     <span class='ocr_line' id='line_1_2' title="bbox 246 479 1184 566; baseline -0.001 -18"><span class='ocrx_word' id='word_1_6' title='bbox 246 492 279 549; x_wconf 86' lang='lat' dir='ltr'>et</span> <span class='ocrx_word' id='word_1_7' title='bbox 299 485 582 566; x_wconf 90' lang='lat' dir='ltr'>inobsequentium</span> <span class='ocrx_word' id='word_1_8' title='bbox 610 484 784 548; x_wconf 87' lang='lat' dir='ltr'>liberorum</span> <span class='ocrx_word' id='word_1_9' title='bbox 812 480 946 546; x_wconf 86' lang='lat' dir='ltr'>vocanti</span> <span class='ocrx_word' id='word_1_10' title='bbox 968 483 1009 546; x_wconf 83' lang='lat' dir='ltr'>ai</span> <span class='ocrx_word' id='word_1_11' title='bbox 1038 479 1070 547; x_wconf 75' lang='lat' dir='ltr'>s&#39;e</span> <span class='ocrx_word' id='word_1_12' title='bbox 1097 484 1184 565; x_wconf 68' lang='lat' dir='ltr'>pani</span> 
     </span>
     <span class='ocr_line' id='line_1_3' title="bbox 246 568 1182 653; baseline 0.001 -17"><span class='ocrx_word' id='word_1_13' title='bbox 246 579 335 653; x_wconf 80' lang='lat' dir='ltr'>terga</span> <span class='ocrx_word' id='word_1_14' title='bbox 355 574 553 637; x_wconf 74' lang='lat' dir='ltr'>obvertimus</span> <span class='ocrx_word' id='word_1_15' title='bbox 575 580 607 637; x_wconf 91' lang='lat' dir='ltr'>et</span> <span class='ocrx_word' id='word_1_16' title='bbox 628 574 714 636; x_wconf 91' lang='lat' dir='ltr'>imus</span> <span class='ocrx_word' id='word_1_17' title='bbox 733 593 798 652; x_wconf 90' lang='lat' dir='ltr'>quo</span> <span class='ocrx_word' id='word_1_18' title='bbox 814 573 908 636; x_wconf 88' lang='lat' dir='ltr'>nobis</span> <span class='ocrx_word' id='word_1_19' title='bbox 923 568 1012 648; x_wconf 90' lang='lat' dir='ltr'>libet,</span> <span class='ocrx_word' id='word_1_20' title='bbox 1036 593 1100 636; x_wconf 89' lang='lat' dir='ltr'>non</span> <span class='ocrx_word' id='word_1_21' title='bbox 1115 593 1182 652; x_wconf 91' lang='lat' dir='ltr'>quo</span> 
     </span>
     <span class='ocr_line' id='line_1_4' title="bbox 245 661 1181 744; baseline -0.001 -20"><span class='ocrx_word' id='word_1_22' title='bbox 245 682 302 744; x_wconf 91' lang='lat' dir='ltr'>per</span> <span class='ocrx_word' id='word_1_23' title='bbox 324 662 460 726; x_wconf 88' lang='lat' dir='ltr'>verbum</span> <span class='ocrx_word' id='word_1_24' title='bbox 482 662 552 743; x_wconf 87' lang='lat' dir='ltr'>ipse</span> <span class='ocrx_word' id='word_1_25' title='bbox 574 668 678 727; x_wconf 89' lang='lat' dir='ltr'>vocat.</span> <span class='ocrx_word' id='word_1_26' title='bbox 723 661 777 724; x_wconf 81' lang='lat' dir='ltr'>Sic</span> <span class='ocrx_word' id='word_1_27' title='bbox 798 666 909 726; x_wconf 87' lang='lat' dir='ltr'>autem</span> <span class='ocrx_word' id='word_1_28' title='bbox 931 661 1089 742; x_wconf 87' lang='lat' dir='ltr'>paulatim</span> <span class='ocrx_word' id='word_1_29' title='bbox 1110 681 1181 724; x_wconf 91' lang='lat' dir='ltr'>con·</span> 
     </span>
     <span class='ocr_line' id='line_1_5' title="bbox 245 750 1183 831; baseline 0 -17"><span class='ocrx_word' id='word_1_30' title='bbox 245 751 386 814; x_wconf 90' lang='lat' dir='ltr'>tumacia</span> <span class='ocrx_word' id='word_1_31' title='bbox 409 755 441 812; x_wconf 89' lang='lat' dir='ltr'>et</span> <span class='ocrx_word' id='word_1_32' title='bbox 470 751 560 813; x_wconf 84' lang='lat' dir='ltr'>furor</span> <span class='ocrx_word' id='word_1_33' title='bbox 585 750 711 827; x_wconf 85' lang='lat' dir='ltr'>crescit,</span> <span class='ocrx_word' id='word_1_34' title='bbox 741 756 779 814; x_wconf 92' lang='lat' dir='ltr'>ut</span> <span class='ocrx_word' id='word_1_35' title='bbox 809 769 938 813; x_wconf 88' lang='lat' dir='ltr'>summa</span> <span class='ocrx_word' id='word_1_36' title='bbox 964 750 1111 831; x_wconf 82' lang='lat' dir='ltr'>voluptas</span> <span class='ocrx_word' id='word_1_37' title='bbox 1124 803 1125 806; x_wconf 63' lang='lat'>,</span> <span class='ocrx_word' id='word_1_38' title='bbox 1138 751 1183 814; x_wconf 87' lang='lat' dir='ltr'>sit</span> 
     </span>
     <span class='ocr_line' id='line_1_6' title="bbox 245 831 1182 921; baseline -0.001 -20"><span class='ocrx_word' id='word_1_39' title='bbox 245 839 372 916; x_wconf 89' lang='lat' dir='ltr'>habere,</span> <span class='ocrx_word' id='word_1_40' title='bbox 388 859 487 919; x_wconf 89' lang='lat' dir='ltr'>quam</span> <span class='ocrx_word' id='word_1_41' title='bbox 502 839 658 921; x_wconf 84' lang='lat' dir='ltr'>plurimas</span> <span class='ocrx_word' id='word_1_42' title='bbox 674 831 878 920; x_wconf 83' lang='lat' dir='ltr'>peccatorum</span> <span class='ocrx_word' id='word_1_43' title='bbox 893 837 1085 902; x_wconf 80' lang='lat' dir='ltr'>occasiones.</span> <span class='ocrx_word' id='word_1_44' title='bbox 1113 838 1182 900; x_wconf 82' lang='lat' dir='ltr'>Haa</span> 
     </span>
     <span class='ocr_line' id='line_1_7' title="bbox 245 925 1182 1009; baseline -0.001 -19"><span class='ocrx_word' id='word_1_45' title='bbox 245 929 338 990; x_wconf 83' lang='lat' dir='ltr'>enim·</span> <span class='ocrx_word' id='word_1_46' title='bbox 356 934 488 1009; x_wconf 86' lang='lat' dir='ltr'>captant</span> <span class='ocrx_word' id='word_1_47' title='bbox 509 928 604 1009; x_wconf 90' lang='lat' dir='ltr'>impii</span> <span class='ocrx_word' id='word_1_48' title='bbox 619 947 657 996; x_wconf 87' lang='lat' dir='ltr'>ac</span> <span class='ocrx_word' id='word_1_49' title='bbox 672 947 780 990; x_wconf 91' lang='lat' dir='ltr'>secure</span> <span class='ocrx_word' id='word_1_50' title='bbox 797 933 1009 990; x_wconf 88' lang='lat' dir='ltr'>contemnunt</span> <span class='ocrx_word' id='word_1_51' title='bbox 1023 925 1182 990; x_wconf 89' lang='lat' dir='ltr'>iudicium</span> 
     </span>
     <span class='ocr_line' id='line_1_8' title="bbox 245 1015 1181 1099; baseline -0.001 -21"><span class='ocrx_word' id='word_1_52' title='bbox 245 1015 307 1079; x_wconf 82' lang='lat' dir='ltr'>dei</span> <span class='ocrx_word' id='word_1_53' title='bbox 331 1017 442 1080; x_wconf 85' lang='lat' dir='ltr'>Talem</span> <span class='ocrx_word' id='word_1_54' title='bbox 457 1016 558 1081; x_wconf 90' lang='lat' dir='ltr'>vitam</span> <span class='ocrx_word' id='word_1_55' title='bbox 569 1017 676 1099; x_wconf 78' lang='lat' dir='ltr'>pingit</span> <span class='ocrx_word' id='word_1_56' title='bbox 687 1016 833 1080; x_wconf 81' lang='lat' dir='ltr'>Christus</span> <span class='ocrx_word' id='word_1_57' title='bbox 848 1016 1020 1096; x_wconf 82' lang='lat' dir='ltr'>egregiein</span> <span class='ocrx_word' id='word_1_58' title='bbox 1036 1016 1181 1093; x_wconf 87' lang='lat' dir='ltr'>similitu-</span> 
     </span>
    </p>
   </div>
   <div class='ocr_carea' id='block_1_3' title="bbox 27 1087 1179 1184">
    <p class='ocr_par' dir='ltr' id='par_1_3' title="bbox 27 1087 1179 1184">
     <span class='ocr_line' id='line_1_9' title="bbox 27 1087 1179 1184; baseline 0.003 -21"><span class='ocrx_word' id='word_1_59' title='bbox 27 1087 69 1172; x_wconf 48' lang='grc' dir='ltr'>ἶ·</span> <span class='ocrx_word' id='word_1_60' title='bbox 151 1174 153 1177; x_wconf 48' lang='grc'><strong>,</strong></span> <span class='ocrx_word' id='word_1_61' title='bbox 244 1104 320 1180; x_wconf 89' lang='lat' dir='ltr'>dine</span> <span class='ocrx_word' id='word_1_62' title='bbox 336 1105 470 1169; x_wconf 86' lang='lat' dir='ltr'>errantis</span> <span class='ocrx_word' id='word_1_63' title='bbox 486 1106 639 1169; x_wconf 78' lang='lat' dir='ltr'>oviculae.</span> <span class='ocrx_word' id='word_1_64' title='bbox 670 1105 760 1172; x_wconf 87' lang='lat' dir='ltr'>Haeo</span> <span class='ocrx_word' id='word_1_65' title='bbox 776 1105 865 1166; x_wconf 90' lang='lat' dir='ltr'>enim</span> <span class='ocrx_word' id='word_1_66' title='bbox 880 1124 945 1184; x_wconf 90' lang='lat' dir='ltr'>quo</span> <span class='ocrx_word' id='word_1_67' title='bbox 960 1103 1088 1184; x_wconf 83' lang='lat' dir='ltr'>longius</span> <span class='ocrx_word' id='word_1_68' title='bbox 1105 1105 1179 1180; x_wconf 83' lang='lat' dir='ltr'>abit,</span> 
     </span>
    </p>
   </div>
   <div class='ocr_carea' id='block_1_4' title="bbox 244 1192 1183 1538">
    <p class='ocr_par' dir='ltr' id='par_1_4' title="bbox 244 1192 1179 1275">
     <span class='ocr_line' id='line_1_10' title="bbox 244 1192 1179 1275; baseline -0.002 -19"><span class='ocrx_word' id='word_1_69' title='bbox 244 1199 334 1257; x_wconf 89' lang='lat' dir='ltr'>tanto</span> <span class='ocrx_word' id='word_1_70' title='bbox 358 1193 481 1258; x_wconf 84' lang='lat' dir='ltr'>deerrat</span> <span class='ocrx_word' id='word_1_71' title='bbox 503 1193 631 1275; x_wconf 85' lang='lat' dir='ltr'>longius</span> <span class='ocrx_word' id='word_1_72' title='bbox 652 1199 685 1257; x_wconf 88' lang='lat' dir='ltr'>et</span> <span class='ocrx_word' id='word_1_73' title='bbox 708 1194 804 1257; x_wconf 86' lang='lat' dir='ltr'>altius</span> <span class='ocrx_word' id='word_1_74' title='bbox 826 1193 1000 1258; x_wconf 88' lang='lat' dir='ltr'>involvitur</span> <span class='ocrx_word' id='word_1_75' title='bbox 1021 1192 1179 1274; x_wconf 82' lang='lat' dir='ltr'>periculis.</span> 
     </span>
    </p>

    <p class='ocr_par' dir='ltr' id='par_1_5' title="bbox 244 1279 1183 1538">
     <span class='ocr_line' id='line_1_11' title="bbox 332 1279 1183 1364; baseline -0.001 -19"><span class='ocrx_word' id='word_1_76' title='bbox 332 1279 384 1345; x_wconf 85' lang='lat' dir='ltr'>Ad</span> <span class='ocrx_word' id='word_1_77' title='bbox 406 1284 495 1346; x_wconf 90' lang='lat' dir='ltr'>hunc</span> <span class='ocrx_word' id='word_1_78' title='bbox 516 1282 652 1346; x_wconf 91' lang='lat' dir='ltr'>modum</span> <span class='ocrx_word' id='word_1_79' title='bbox 673 1282 814 1364; x_wconf 88' lang='lat' dir='ltr'>populus</span> <span class='ocrx_word' id='word_1_80' title='bbox 829 1283 937 1358; x_wconf 87' lang='lat' dir='ltr'>Israel,</span> <span class='ocrx_word' id='word_1_81' title='bbox 962 1281 1022 1354; x_wconf 82' lang='lat' dir='ltr'>deo</span> <span class='ocrx_word' id='word_1_82' title='bbox 1037 1280 1183 1362; x_wconf 75' lang='lat' dir='ltr'>loquenti</span> 
     </span>
     <span class='ocr_line' id='line_1_12' title="bbox 245 1370 1183 1455; baseline -0.002 -21"><span class='ocrx_word' id='word_1_83' title='bbox 245 1377 277 1434; x_wconf 89' lang='lat' dir='ltr'>et</span> <span class='ocrx_word' id='word_1_84' title='bbox 306 1389 363 1453; x_wconf 90' lang='lat' dir='ltr'>per</span> <span class='ocrx_word' id='word_1_85' title='bbox 392 1372 566 1455; x_wconf 88' lang='lat' dir='ltr'>prophetas</span> <span class='ocrx_word' id='word_1_86' title='bbox 600 1371 635 1434; x_wconf 90' lang='lat' dir='ltr'>in</span> <span class='ocrx_word' id='word_1_87' title='bbox 669 1372 756 1436; x_wconf 87' lang='lat' dir='ltr'>viam</span> <span class='ocrx_word' id='word_1_88' title='bbox 784 1371 979 1446; x_wconf 73' lang='lat' dir='ltr'>revocanti,</span> <span class='ocrx_word' id='word_1_89' title='bbox 997 1370 1183 1444; x_wconf 68' lang='lat' dir='ltr'>obvertebat</span> 
     </span>
     <span class='ocr_line' id='line_1_13' title="bbox 244 1459 1182 1538; baseline -0.001 -17"><span class='ocrx_word' id='word_1_90' title='bbox 244 1465 380 1538; x_wconf 84' lang='lat' dir='ltr'>tergum,</span> <span class='ocrx_word' id='word_1_91' title='bbox 397 1479 487 1522; x_wconf 88' lang='lat' dir='ltr'>veros</span> <span class='ocrx_word' id='word_1_92' title='bbox 502 1460 607 1522; x_wconf 89' lang='lat' dir='ltr'>cultus</span> <span class='ocrx_word' id='word_1_93' title='bbox 622 1459 802 1536; x_wconf 86' lang='lat' dir='ltr'>abiiciebat,</span> <span class='ocrx_word' id='word_1_94' title='bbox 823 1464 856 1522; x_wconf 87' lang='lat' dir='ltr'>et</span> <span class='ocrx_word' id='word_1_95' title='bbox 871 1459 1064 1538; x_wconf 84' lang='lat' dir='ltr'>sequebatur</span> <span class='ocrx_word' id='word_1_96' title='bbox 1079 1459 1182 1532; x_wconf 83' lang='lat' dir='ltr'>cordis</span> 
     </span>
    </p>
   </div>
   <div class='ocr_carea' id='block_1_5' title="bbox 41 1546 1271 1716">
    <p class='ocr_par' dir='ltr' id='par_1_6' title="bbox 41 1546 1271 1716">
     <span class='ocr_line' id='line_1_14' title="bbox 41 1546 1181 1630; baseline 0.001 -21"><span class='ocrx_word' id='word_1_97' title='bbox 41 1547 57 1602; x_wconf 65' lang='grc' dir='ltr'><strong>ἰ</strong></span> <span class='ocrx_word' id='word_1_98' title='bbox 178 1560 181 1565; x_wconf 84' lang='grc'><em>’</em></span> <span class='ocrx_word' id='word_1_99' title='bbox 245 1548 296 1610; x_wconf 88' lang='lat' dir='ltr'>sui</span> <span class='ocrx_word' id='word_1_100' title='bbox 317 1547 528 1624; x_wconf 86' lang='lat' dir='ltr'>inventiones,</span> <span class='ocrx_word' id='word_1_101' title='bbox 553 1549 637 1611; x_wconf 87' lang='lat' dir='ltr'>sicut</span> <span class='ocrx_word' id='word_1_102' title='bbox 658 1555 804 1630; x_wconf 84' lang='lat' dir='ltr'>tempora</span> <span class='ocrx_word' id='word_1_103' title='bbox 819 1548 987 1625; x_wconf 85' lang='lat' dir='ltr'>Manassis,</span> <span class='ocrx_word' id='word_1_104' title='bbox 1012 1546 1181 1628; x_wconf 83' lang='lat' dir='ltr'>inquibus</span> 
     </span>
     <span class='ocr_line' id='line_1_15' title="bbox 211 1635 1271 1716; baseline 0.002 -20"><span class='ocrx_word' id='word_1_105' title='bbox 211 1648 213 1653; x_wconf 63' lang='lat'>‘</span> <span class='ocrx_word' id='word_1_106' title='bbox 242 1636 368 1697; x_wconf 77' lang='lat' dir='ltr'>Joelem</span> <span class='ocrx_word' id='word_1_107' title='bbox 390 1636 508 1699; x_wconf 88' lang='lat' dir='ltr'>vixisse</span> <span class='ocrx_word' id='word_1_108' title='bbox 523 1636 696 1710; x_wconf 83' lang='lat' dir='ltr'>verisimile</span> <span class='ocrx_word' id='word_1_109' title='bbox 711 1643 768 1713; x_wconf 89' lang='lat' dir='ltr'>est,</span> <span class='ocrx_word' id='word_1_110' title='bbox 794 1637 876 1699; x_wconf 89' lang='lat' dir='ltr'>clare</span> <span class='ocrx_word' id='word_1_111' title='bbox 892 1635 1077 1712; x_wconf 86' lang='lat' dir='ltr'>ostendunt,</span> <span class='ocrx_word' id='word_1_112' title='bbox 1111 1637 1182 1698; x_wconf 88' lang='lat' dir='ltr'>Non</span> <span class='ocrx_word' id='word_1_113' title='bbox 1266 1689 1271 1716; x_wconf 84' lang='lat'>,</span> 
     </span>
    </p>
   </div>
   <div class='ocr_carea' id='block_1_6' title="bbox 243 1717 1271 1808">
    <p class='ocr_par' dir='ltr' id='par_1_7' title="bbox 243 1717 1271 1808">
     <span class='ocr_line' id='line_1_16' title="bbox 243 1717 1271 1808; baseline 0.003 -24"><span class='ocrx_word' id='word_1_114' title='bbox 243 1725 342 1804; x_wconf 85' lang='lat' dir='ltr'>igitur</span> <span class='ocrx_word' id='word_1_115' title='bbox 376 1725 522 1788; x_wconf 87' lang='lat' dir='ltr'>cessabat</span> <span class='ocrx_word' id='word_1_116' title='bbox 545 1725 676 1788; x_wconf 74' lang='lat' dir='ltr'>‘diutius</span> <span class='ocrx_word' id='word_1_117' title='bbox 710 1745 829 1807; x_wconf 88' lang='lat' dir='ltr'>poena,</span> <span class='ocrx_word' id='word_1_118' title='bbox 868 1745 925 1804; x_wconf 73' lang='lat' dir='ltr'>ren</span> <span class='ocrx_word' id='word_1_119' title='bbox 963 1724 1184 1808; x_wconf 85' lang='lat' dir='ltr'>abducebatur</span> <span class='ocrx_word' id='word_1_120' title='bbox 1269 1717 1271 1740; x_wconf 79' lang='grc'><strong>“</strong></span> 
     </span>
    </p>
   </div>
   <div class='ocr_carea' id='block_1_7' title="bbox 244 1813 1271 1895">
    <p class='ocr_par' dir='ltr' id='par_1_8' title="bbox 244 1813 1271 1895">
     <span class='ocr_line' id='line_1_17' title="bbox 244 1813 1271 1895; baseline -0.006 -19"><span class='ocrx_word' id='word_1_121' title='bbox 244 1814 399 1895; x_wconf 88' lang='lat' dir='ltr'>captivus,</span> <span class='ocrx_word' id='word_1_122' title='bbox 423 1820 508 1876; x_wconf 90' lang='lat' dir='ltr'>terra</span> <span class='ocrx_word' id='word_1_123' title='bbox 529 1821 561 1876; x_wconf 94' lang='lat' dir='ltr'>et</span> <span class='ocrx_word' id='word_1_124' title='bbox 582 1815 762 1878; x_wconf 88' lang='lat' dir='ltr'>hostilibus</span> <span class='ocrx_word' id='word_1_125' title='bbox 776 1813 1013 1877; x_wconf 77' lang='lat' dir='ltr'>incursionibus</span> <span class='ocrx_word' id='word_1_126' title='bbox 1028 1819 1062 1877; x_wconf 90' lang='lat' dir='ltr'>et</span> <span class='ocrx_word' id='word_1_127' title='bbox 1075 1813 1184 1876; x_wconf 86' lang='lat' dir='ltr'>noxiis</span> <span class='ocrx_word' id='word_1_128' title='bbox 1269 1831 1271 1870; x_wconf 68' lang='lat' dir='ltr'>r</span> 
     </span>
    </p>
   </div>
   <div class='ocr_carea' id='block_1_8' title="bbox 243 1895 1271 2250">
    <p class='ocr_par' dir='ltr' id='par_1_9' title="bbox 243 1895 1271 2250">
     <span class='ocr_line' id='line_1_18' title="bbox 243 1895 1184 1989; baseline -0.006 -24"><span class='ocrx_word' id='word_1_129' title='bbox 243 1903 355 1965; x_wconf 89' lang='lat' dir='ltr'>bestiis</span> <span class='ocrx_word' id='word_1_130' title='bbox 370 1903 456 1966; x_wconf 87' lang='lat' dir='ltr'>varie</span> <span class='ocrx_word' id='word_1_131' title='bbox 471 1903 684 1989; x_wconf 82' lang='lat' dir='ltr'>affligebatur.</span> <span class='ocrx_word' id='word_1_132' title='bbox 718 1902 808 1967; x_wconf 81' lang='lat' dir='ltr'>Sicut</span> <span class='ocrx_word' id='word_1_133' title='bbox 823 1908 932 1965; x_wconf 89' lang='lat' dir='ltr'>autem</span> <span class='ocrx_word' id='word_1_134' title='bbox 946 1895 1055 1983; x_wconf 85' lang='lat' dir='ltr'>quiin</span> <span class='ocrx_word' id='word_1_135' title='bbox 1070 1903 1184 1982; x_wconf 84' lang='lat' dir='ltr'>deviis,</span> 
     </span>
     <span class='ocr_line' id='line_1_19' title="bbox 244 1991 1271 2076; baseline 0.001 -23"><span class='ocrx_word' id='word_1_136' title='bbox 244 1992 410 2054; x_wconf 88' lang='lat' dir='ltr'>constituti</span> <span class='ocrx_word' id='word_1_137' title='bbox 429 1998 513 2068; x_wconf 89' lang='lat' dir='ltr'>sunt,</span> <span class='ocrx_word' id='word_1_138' title='bbox 538 2012 602 2072; x_wconf 90' lang='lat' dir='ltr'>quo</span> <span class='ocrx_word' id='word_1_139' title='bbox 617 1991 744 2072; x_wconf 85' lang='lat' dir='ltr'>longuis</span> <span class='ocrx_word' id='word_1_140' title='bbox 768 1992 897 2070; x_wconf 87' lang='lat' dir='ltr'>abeunt,</span> <span class='ocrx_word' id='word_1_141' title='bbox 921 1997 1012 2054; x_wconf 90' lang='lat' dir='ltr'>tanto</span> <span class='ocrx_word' id='word_1_142' title='bbox 1033 1992 1185 2054; x_wconf 89' lang='lat' dir='ltr'>aberrant</span> <span class='ocrx_word' id='word_1_143' title='bbox 1266 2021 1271 2076; x_wconf 38' lang='grc' dir='ltr'>εἰ</span> 
     </span>
     <span class='ocr_line' id='line_1_20' title="bbox 243 2079 1271 2164; baseline 0.007 -23"><span class='ocrx_word' id='word_1_144' title='bbox 243 2079 357 2160; x_wconf 83' lang='lat' dir='ltr'>magis,</span> <span class='ocrx_word' id='word_1_145' title='bbox 381 2081 428 2143; x_wconf 89' lang='lat' dir='ltr'>ita</span> <span class='ocrx_word' id='word_1_146' title='bbox 450 2101 578 2144; x_wconf 88' lang='lat' dir='ltr'>aversus</span> <span class='ocrx_word' id='word_1_147' title='bbox 601 2101 659 2162; x_wconf 92' lang='lat' dir='ltr'>per</span> <span class='ocrx_word' id='word_1_148' title='bbox 681 2079 882 2162; x_wconf 89' lang='lat' dir='ltr'>impietatem</span> <span class='ocrx_word' id='word_1_149' title='bbox 906 2099 925 2142; x_wconf 83' lang='lat' dir='ltr'>a</span> <span class='ocrx_word' id='word_1_150' title='bbox 952 2081 1013 2164; x_wconf 90' lang='lat' dir='ltr'>deo</span> <span class='ocrx_word' id='word_1_151' title='bbox 1041 2081 1186 2162; x_wconf 85' lang='lat' dir='ltr'>populus</span> <span class='ocrx_word' id='word_1_152' title='bbox 1258 2083 1271 2148; x_wconf 61' lang='grc'>1</span> 
     </span>
     <span class='ocr_line' id='line_1_21' title="bbox 244 2165 1271 2250; baseline -0.001 -19"><span class='ocrx_word' id='word_1_153' title='bbox 244 2187 319 2231; x_wconf 90' lang='lat' dir='ltr'>cum</span> <span class='ocrx_word' id='word_1_154' title='bbox 356 2168 499 2231; x_wconf 87' lang='lat' dir='ltr'>remedia</span> <span class='ocrx_word' id='word_1_155' title='bbox 532 2170 735 2250; x_wconf 89' lang='lat' dir='ltr'>publicarum</span> <span class='ocrx_word' id='word_1_156' title='bbox 769 2169 990 2232; x_wconf 72' lang='lat' dir='ltr'>calamitatum</span> <span class='ocrx_word' id='word_1_157' title='bbox 1013 2165 1186 2249; x_wconf 83' lang='lat' dir='ltr'>quereret,</span> <span class='ocrx_word' id='word_1_158' title='bbox 1267 2167 1271 2236; x_wconf 71' lang='grc' dir='ltr'>ἶ</span> 
     </span>
    </p>
   </div>
   <div class='ocr_carea' id='block_1_9' title="bbox 243 2257 1271 2426">
    <p class='ocr_par' dir='ltr' id='par_1_10' title="bbox 243 2257 1271 2426">
     <span class='ocr_line' id='line_1_22' title="bbox 243 2257 1271 2338; baseline 0 -20"><span class='ocrx_word' id='word_1_159' title='bbox 243 2257 381 2336; x_wconf 84' lang='lat' dir='ltr'>augebat</span> <span class='ocrx_word' id='word_1_160' title='bbox 396 2277 449 2320; x_wconf 87' lang='lat' dir='ltr'>eas</span> <span class='ocrx_word' id='word_1_161' title='bbox 464 2258 574 2338; x_wconf 90' lang='lat' dir='ltr'>impiis</span> <span class='ocrx_word' id='word_1_162' title='bbox 590 2259 729 2321; x_wconf 86' lang='lat' dir='ltr'>cultibus</span> <span class='ocrx_word' id='word_1_163' title='bbox 745 2263 777 2320; x_wconf 88' lang='lat' dir='ltr'>et</span> <span class='ocrx_word' id='word_1_164' title='bbox 791 2258 894 2336; x_wconf 86' lang='lat' dir='ltr'>magis</span> <span class='ocrx_word' id='word_1_165' title='bbox 909 2258 1057 2322; x_wconf 85' lang='lat' dir='ltr'>irritabat</span> <span class='ocrx_word' id='word_1_166' title='bbox 1071 2258 1185 2322; x_wconf 83' lang='lat' dir='ltr'>deum.</span> <span class='ocrx_word' id='word_1_167' title='bbox 1270 2305 1271 2310; x_wconf 31' lang='lat'>1</span> 
     </span>
     <span class='ocr_line' id='line_1_23' title="bbox 244 2344 1271 2426; baseline 0 -19"><span class='ocrx_word' id='word_1_168' title='bbox 244 2344 492 2426; x_wconf 80' lang='lat' dir='ltr'>Sicut&#39;papistae</span> <span class='ocrx_word' id='word_1_169' title='bbox 507 2346 543 2407; x_wconf 91' lang='lat' dir='ltr'>in</span> <span class='ocrx_word' id='word_1_170' title='bbox 557 2347 708 2426; x_wconf 87' lang='lat' dir='ltr'>periculis</span> <span class='ocrx_word' id='word_1_171' title='bbox 722 2345 1070 2423; x_wconf 67' lang='lat' dir='ltr'>&#39;cumulantes&#39;missaa</span> <span class='ocrx_word' id='word_1_172' title='bbox 1092 2347 1186 2410; x_wconf 80' lang='lat' dir='ltr'>invo·</span> <span class='ocrx_word' id='word_1_173' title='bbox 1269 2349 1271 2358; x_wconf 63' lang='lat'><strong><em>⁴</em></strong></span> 
     </span>
    </p>
   </div>
   <div class='ocr_carea' id='block_1_10' title="bbox 242 2432 1271 2781">
    <p class='ocr_par' dir='ltr' id='par_1_11' title="bbox 242 2432 1271 2699">
     <span class='ocr_line' id='line_1_24' title="bbox 243 2432 1271 2516; baseline 0.006 -22"><span class='ocrx_word' id='word_1_174' title='bbox 243 2438 352 2495; x_wconf 87' lang='lat' dir='ltr'>cantes</span> <span class='ocrx_word' id='word_1_175' title='bbox 368 2432 469 2509; x_wconf 88' lang='lat' dir='ltr'>divos,</span> <span class='ocrx_word' id='word_1_176' title='bbox 488 2433 697 2497; x_wconf 89' lang='lat' dir='ltr'>instituentes</span> <span class='ocrx_word' id='word_1_177' title='bbox 711 2433 969 2516; x_wconf 81' lang='lat' dir='ltr'>supplicationes,</span> <span class='ocrx_word' id='word_1_178' title='bbox 986 2435 1186 2500; x_wconf 81' lang='lat' dir='ltr'>mandantes</span> <span class='ocrx_word' id='word_1_179' title='bbox 1269 2487 1271 2506; x_wconf 75' lang='lat'><em>‚</em></span> 
     </span>
     <span class='ocr_line' id='line_1_25' title="bbox 242 2519 1271 2603; baseline 0.005 -21"><span class='ocrx_word' id='word_1_180' title='bbox 242 2521 373 2598; x_wconf 89' lang='lat' dir='ltr'>ieiunia,</span> <span class='ocrx_word' id='word_1_181' title='bbox 397 2542 464 2584; x_wconf 90' lang='lat' dir='ltr'>non</span> <span class='ocrx_word' id='word_1_182' title='bbox 479 2521 614 2602; x_wconf 87' lang='lat' dir='ltr'>quidem</span> <span class='ocrx_word' id='word_1_183' title='bbox 635 2523 719 2585; x_wconf 89' lang='lat' dir='ltr'>iram</span> <span class='ocrx_word' id='word_1_184' title='bbox 738 2523 791 2586; x_wconf 89' lang='lat' dir='ltr'>dei</span> <span class='ocrx_word' id='word_1_185' title='bbox 805 2523 973 2603; x_wconf 70' lang='lat' dir='ltr'>mitigant,⁴</span> <span class='ocrx_word' id='word_1_186' title='bbox 990 2523 1048 2586; x_wconf 91' lang='lat' dir='ltr'>sed</span> <span class='ocrx_word' id='word_1_187' title='bbox 1070 2543 1182 2586; x_wconf 88' lang='lat' dir='ltr'>accen·</span> <span class='ocrx_word' id='word_1_188' title='bbox 1270 2519 1271 2522; x_wconf 49' lang='lat'>&#39;</span> 
     </span>
     <span class='ocr_line' id='line_1_26' title="bbox 243 2609 1184 2699; baseline 0.005 -28"><span class='ocrx_word' id='word_1_189' title='bbox 243 2609 327 2672; x_wconf 90' lang='lat' dir='ltr'>dunt</span> <span class='ocrx_word' id='word_1_190' title='bbox 340 2609 481 2688; x_wconf 85' lang='lat' dir='ltr'>gravius..</span> <span class='ocrx_word' id='word_1_191' title='bbox 504 2611 581 2674; x_wconf 90' lang='lat' dir='ltr'>Non</span> <span class='ocrx_word' id='word_1_192' title='bbox 594 2612 683 2674; x_wconf 87' lang='lat' dir='ltr'>enim</span> <span class='ocrx_word' id='word_1_193' title='bbox 695 2609 779 2699; x_wconf 79' lang='lat' dir='ltr'>baec</span> <span class='ocrx_word' id='word_1_194' title='bbox 791 2612 872 2674; x_wconf 89' lang='lat' dir='ltr'>ratic</span> <span class='ocrx_word' id='word_1_195' title='bbox 888 2612 1037 2692; x_wconf 78' lang='lat' dir='ltr'>placandi</span> <span class='ocrx_word' id='word_1_196' title='bbox 1053 2612 1109 2675; x_wconf 89' lang='lat' dir='ltr'>dci</span> <span class='ocrx_word' id='word_1_197' title='bbox 1121 2611 1184 2676; x_wconf 80' lang='lat' dir='ltr'>est.</span> 
     </span>
    </p>

    <p class='ocr_par' dir='ltr' id='par_1_12' title="bbox 337 2694 1183 2781">
     <span class='ocr_line' id='line_1_27' title="bbox 337 2694 1183 2781; baseline 0.004 -20"><span class='ocrx_word' id='word_1_198' title='bbox 337 2694 434 2762; x_wconf 89' lang='lat' dir='ltr'>1Ideo</span> <span class='ocrx_word' id='word_1_199' title='bbox 454 2699 606 2763; x_wconf 87' lang='lat' dir='ltr'>dominus</span> <span class='ocrx_word' id='word_1_200' title='bbox 628 2701 740 2764; x_wconf 90' lang='lat' dir='ltr'>hocin</span> <span class='ocrx_word' id='word_1_201' title='bbox 762 2701 832 2764; x_wconf 85' lang='lat' dir='ltr'>loco</span> <span class='ocrx_word' id='word_1_202' title='bbox 855 2701 942 2777; x_wconf 88' lang='lat' dir='ltr'>dicit,</span> <span class='ocrx_word' id='word_1_203' title='bbox 966 2701 1009 2763; x_wconf 88' lang='lat' dir='ltr'>ad</span> <span class='ocrx_word' id='word_1_204' title='bbox 1031 2718 1093 2764; x_wconf 70' lang='lat' dir='ltr'>mc·</span> <span class='ocrx_word' id='word_1_205' title='bbox 1108 2719 1183 2781; x_wconf 84' lang='lat' dir='ltr'>con-</span> 
     </span>
    </p>
   </div>
   <div class='ocr_carea' id='block_1_11' title="bbox 27 2766 1185 2871">
    <p class='ocr_par' dir='ltr' id='par_1_13' title="bbox 27 2766 1185 2888">
     <span class='ocr_line' id='line_1_28' title="bbox 27 2766 1185 2871; baseline -0.002 -17"><span class='ocrx_word' id='word_1_206' title='bbox 27 2766 53 2865; x_wconf 31' lang='grc' dir='ltr'>ἦ</span> <span class='ocrx_word' id='word_1_207' title='bbox 146 2814 149 2815; x_wconf 58' lang='grc'>’</span> <span class='ocrx_word' id='word_1_208' title='bbox 217 2865 222 2871; x_wconf 58' lang='lat'>„</span> <span class='ocrx_word' id='word_1_209' title='bbox 243 2787 493 2864; x_wconf 73' lang='lat' dir='ltr'>vertimini,&#39;ho·o</span> <span class='ocrx_word' id='word_1_210' title='bbox 504 2797 562 2865; x_wconf 90' lang='lat' dir='ltr'>est,</span> <span class='ocrx_word' id='word_1_211' title='bbox 579 2791 678 2852; x_wconf 90' lang='lat' dir='ltr'>nolite</span> <span class='ocrx_word' id='word_1_212' title='bbox 693 2789 775 2854; x_wconf 90' lang='lat' dir='ltr'>mihi</span> <span class='ocrx_word' id='word_1_213' title='bbox 788 2789 950 2854; x_wconf 87' lang='lat' dir='ltr'>obvertere</span> <span class='ocrx_word' id='word_1_214' title='bbox 966 2787 1093 2870; x_wconf 82' lang='lat' dir='ltr'>tergum</span> <span class='ocrx_word' id='word_1_215' title='bbox 1105 2809 1185 2852; x_wconf 89' lang='lat' dir='ltr'>cum</span> 
     </span>
    </p>
   </div>
   <div class='ocr_carea' id='block_1_12' title="bbox 241 2877 1187 3760">
    <p class='ocr_par' dir='ltr' id='par_1_14' title="bbox 241 2877 1187 3760">
     <span class='ocr_line' id='line_1_29' title="bbox 242 2877 1187 2958; baseline 0.004 -20"><span class='ocrx_word' id='word_1_216' title='bbox 242 2877 354 2958; x_wconf 84' lang='lat' dir='ltr'>loquor</span> <span class='ocrx_word' id='word_1_217' title='bbox 377 2877 419 2940; x_wconf 90' lang='lat' dir='ltr'>ad</span> <span class='ocrx_word' id='word_1_218' title='bbox 441 2898 508 2954; x_wconf 88' lang='lat' dir='ltr'>vos,</span> <span class='ocrx_word' id='word_1_219' title='bbox 530 2879 709 2942; x_wconf 87' lang='lat' dir='ltr'>auscultate</span> <span class='ocrx_word' id='word_1_220' title='bbox 727 2879 815 2940; x_wconf 85' lang='lat' dir='ltr'>mihi</span> <span class='ocrx_word' id='word_1_221' title='bbox 830 2877 929 2958; x_wconf 90' lang='lat' dir='ltr'>idque</span> <span class='ocrx_word' id='word_1_222' title='bbox 945 2898 986 2940; x_wconf 89' lang='lat' dir='ltr'>ex</span> <span class='ocrx_word' id='word_1_223' title='bbox 1001 2878 1187 2942; x_wconf 86' lang='lat' dir='ltr'>totocorde</span> 
     </span>
     <span class='ocr_line' id='line_1_30' title="bbox 242 2967 1183 3044; baseline -0.001 -13"><span class='ocrx_word' id='word_1_224' title='bbox 242 2972 357 3044; x_wconf 89' lang='lat' dir='ltr'>vestro,</span> <span class='ocrx_word' id='word_1_225' title='bbox 381 2986 422 3029; x_wconf 89' lang='lat' dir='ltr'>ne</span> <span class='ocrx_word' id='word_1_226' title='bbox 446 2973 504 3030; x_wconf 90' lang='lat' dir='ltr'>aut</span> <span class='ocrx_word' id='word_1_227' title='bbox 525 2967 568 3031; x_wconf 89' lang='lat' dir='ltr'>sit</span> <span class='ocrx_word' id='word_1_228' title='bbox 583 2968 734 3030; x_wconf 88' lang='lat' dir='ltr'>simulata</span> <span class='ocrx_word' id='word_1_229' title='bbox 749 2968 922 3042; x_wconf 78' lang='lat' dir='ltr'>conversiO,</span> <span class='ocrx_word' id='word_1_230' title='bbox 946 2972 1085 3030; x_wconf 89' lang='lat' dir='ltr'>autnon</span> <span class='ocrx_word' id='word_1_231' title='bbox 1100 2967 1183 3030; x_wconf 85' lang='lat' dir='ltr'>inte·</span> 
     </span>
     <span class='ocr_line' id='line_1_31' title="bbox 242 3055 1186 3135; baseline 0.001 -18"><span class='ocrx_word' id='word_1_232' title='bbox 242 3076 306 3135; x_wconf 84' lang='lat' dir='ltr'>gra.</span> <span class='ocrx_word' id='word_1_233' title='bbox 331 3055 412 3117; x_wconf 90' lang='lat' dir='ltr'>Vult</span> <span class='ocrx_word' id='word_1_234' title='bbox 426 3055 514 3117; x_wconf 88' lang='lat' dir='ltr'>enim</span> <span class='ocrx_word' id='word_1_235' title='bbox 530 3056 609 3119; x_wconf 90' lang='lat' dir='ltr'>deus</span> <span class='ocrx_word' id='word_1_236' title='bbox 621 3061 726 3120; x_wconf 81' lang='lat' dir='ltr'>totum</span> <span class='ocrx_word' id='word_1_237' title='bbox 742 3075 803 3131; x_wconf 93' lang='lat' dir='ltr'>cor,</span> <span class='ocrx_word' id='word_1_238' title='bbox 820 3076 887 3117; x_wconf 90' lang='lat' dir='ltr'>non</span> <span class='ocrx_word' id='word_1_239' title='bbox 898 3056 968 3119; x_wconf 86' lang='lat' dir='ltr'>vult</span> <span class='ocrx_word' id='word_1_240' title='bbox 979 3055 1096 3132; x_wconf 84' lang='lat' dir='ltr'>timeri,</span> <span class='ocrx_word' id='word_1_241' title='bbox 1113 3075 1186 3119; x_wconf 90' lang='lat' dir='ltr'>non</span> 
     </span>
     <span class='ocr_line' id='line_1_32' title="bbox 241 3143 1183 3225; baseline 0 -19"><span class='ocrx_word' id='word_1_242' title='bbox 241 3145 312 3207; x_wconf 88' lang='lat' dir='ltr'>vult</span> <span class='ocrx_word' id='word_1_243' title='bbox 333 3143 419 3206; x_wconf 90' lang='lat' dir='ltr'>credi</span> <span class='ocrx_word' id='word_1_244' title='bbox 442 3143 542 3206; x_wconf 90' lang='lat' dir='ltr'>alium</span> <span class='ocrx_word' id='word_1_245' title='bbox 565 3145 677 3221; x_wconf 90' lang='lat' dir='ltr'>deum,</span> <span class='ocrx_word' id='word_1_246' title='bbox 707 3144 790 3206; x_wconf 89' lang='lat' dir='ltr'>sicut</span> <span class='ocrx_word' id='word_1_247' title='bbox 812 3143 957 3208; x_wconf 86' lang='lat' dir='ltr'>Christus</span> <span class='ocrx_word' id='word_1_248' title='bbox 973 3164 1110 3225; x_wconf 42' lang='lat' dir='ltr'>,quoque</span> <span class='ocrx_word' id='word_1_249' title='bbox 1135 3145 1183 3206; x_wconf 91' lang='lat' dir='ltr'>di-</span> 
     </span>
     <span class='ocr_line' id='line_1_33' title="bbox 243 3225 1184 3312; baseline 0.005 -20"><span class='ocrx_word' id='word_1_250' title='bbox 243 3231 286 3294; x_wconf 91' lang='lat' dir='ltr'>cit</span> <span class='ocrx_word' id='word_1_251' title='bbox 297 3225 322 3294; x_wconf 65' lang='lat'>:⁹</span> <span class='ocrx_word' id='word_1_252' title='bbox 341 3231 444 3294; x_wconf 85' lang='lat' dir='ltr'>Nemo</span> <span class='ocrx_word' id='word_1_253' title='bbox 456 3238 562 3312; x_wconf 86' lang='lat' dir='ltr'>potest</span> <span class='ocrx_word' id='word_1_254' title='bbox 573 3233 699 3296; x_wconf 87' lang='lat' dir='ltr'>duobus</span> <span class='ocrx_word' id='word_1_255' title='bbox 712 3231 852 3302; x_wconf 85' lang='lat' dir='ltr'>dominis</span> <span class='ocrx_word' id='word_1_256' title='bbox 864 3233 989 3298; x_wconf 88' lang='lat' dir='ltr'>servire.</span> <span class='ocrx_word' id='word_1_257' title='bbox 999 3295 1002 3302; x_wconf 50' lang='lat'>,</span> <span class='ocrx_word' id='word_1_258' title='bbox 1014 3234 1184 3304; x_wconf 85' lang='lat' dir='ltr'>Usitaturn</span> 
     </span>
     <span class='ocr_line' id='line_1_34' title="bbox 242 3321 1184 3400; baseline 0.006 -20"><span class='ocrx_word' id='word_1_259' title='bbox 242 3324 352 3381; x_wconf 82' lang='lat' dir='ltr'>autem</span> <span class='ocrx_word' id='word_1_260' title='bbox 365 3321 435 3384; x_wconf 87' lang='lat' dir='ltr'>hoc</span> <span class='ocrx_word' id='word_1_261' title='bbox 457 3321 542 3385; x_wconf 87' lang='lat' dir='ltr'>inter</span> <span class='ocrx_word' id='word_1_262' title='bbox 563 3342 622 3386; x_wconf 89' lang='lat' dir='ltr'>nos</span> <span class='ocrx_word' id='word_1_263' title='bbox 645 3328 720 3398; x_wconf 81' lang='lat' dir='ltr'>est„</span> <span class='ocrx_word' id='word_1_264' title='bbox 737 3338 811 3384; x_wconf 89' lang='lat' dir='ltr'>cum</span> <span class='ocrx_word' id='word_1_265' title='bbox 835 3321 984 3394; x_wconf 86' lang='lat' dir='ltr'>audimus</span> <span class='ocrx_word' id='word_1_266' title='bbox 1007 3321 1043 3396; x_wconf 80' lang='lat' dir='ltr'>in</span> <span class='ocrx_word' id='word_1_267' title='bbox 1070 3323 1184 3400; x_wconf 87' lang='lat' dir='ltr'>verbo,</span> 
     </span>
     <span class='ocr_line' id='line_1_35' title="bbox 242 3406 1177 3486; baseline 0.005 -18"><span class='ocrx_word' id='word_1_268' title='bbox 242 3406 322 3486; x_wconf 90' lang='lat' dir='ltr'>quid</span> <span class='ocrx_word' id='word_1_269' title='bbox 345 3409 438 3471; x_wconf 89' lang='lat' dir='ltr'>nobis</span> <span class='ocrx_word' id='word_1_270' title='bbox 461 3411 503 3474; x_wconf 90' lang='lat' dir='ltr'>sit</span> <span class='ocrx_word' id='word_1_271' title='bbox 525 3410 719 3486; x_wconf 86' lang='lat' dir='ltr'>faciendum,</span> <span class='ocrx_word' id='word_1_272' title='bbox 743 3417 780 3474; x_wconf 91' lang='lat' dir='ltr'>ut</span> <span class='ocrx_word' id='word_1_273' title='bbox 803 3417 913 3475; x_wconf 87' lang='lat' dir='ltr'>tamen</span> <span class='ocrx_word' id='word_1_274' title='bbox 935 3412 1092 3476; x_wconf 87' lang='lat' dir='ltr'>hactenus</span> <span class='ocrx_word' id='word_1_275' title='bbox 1118 3431 1177 3476; x_wconf 54' lang='lat' dir='ltr'>sert</span> 
     </span>
     <span class='ocr_line' id='line_1_36' title="bbox 242 3498 1169 3580; baseline 0.008 -20"><span class='ocrx_word' id='word_1_276' title='bbox 242 3503 331 3561; x_wconf 89' lang='lat' dir='ltr'>vatos</span> <span class='ocrx_word' id='word_1_277' title='bbox 354 3498 459 3574; x_wconf 88' lang='lat' dir='ltr'>cultus</span> <span class='ocrx_word' id='word_1_278' title='bbox 481 3519 519 3562; x_wconf 87' lang='lat' dir='ltr'>ao</span> <span class='ocrx_word' id='word_1_279' title='bbox 541 3500 676 3573; x_wconf 85' lang='lat' dir='ltr'>usitatos</span> <span class='ocrx_word' id='word_1_280' title='bbox 698 3519 803 3570; x_wconf 89' lang='lat' dir='ltr'>mores</span> <span class='ocrx_word' id='word_1_281' title='bbox 826 3519 892 3562; x_wconf 91' lang='lat' dir='ltr'>non</span> <span class='ocrx_word' id='word_1_282' title='bbox 907 3518 1037 3580; x_wconf 86' lang='lat' dir='ltr'>prorsus</span> <span class='ocrx_word' id='word_1_283' title='bbox 1053 3500 1169 3567; x_wconf 82' lang='lat' dir='ltr'>abiicia</span> 
     </span>
     <span class='ocr_line' id='line_1_37' title="bbox 241 3586 1169 3670; baseline 0.005 -23"><span class='ocrx_word' id='word_1_284' title='bbox 241 3607 315 3649; x_wconf 91' lang='lat' dir='ltr'>mus</span> <span class='ocrx_word' id='word_1_285' title='bbox 344 3593 401 3650; x_wconf 89' lang='lat' dir='ltr'>aut</span> <span class='ocrx_word' id='word_1_286' title='bbox 428 3586 629 3650; x_wconf 90' lang='lat' dir='ltr'>damnemus.</span> <span class='ocrx_word' id='word_1_287' title='bbox 681 3588 767 3652; x_wconf 93' lang='lat' dir='ltr'>Dicit</span> <span class='ocrx_word' id='word_1_288' title='bbox 795 3587 904 3670; x_wconf 85' lang='lat' dir='ltr'>igitur,</span> <span class='ocrx_word' id='word_1_289' title='bbox 935 3588 971 3650; x_wconf 89' lang='lat' dir='ltr'>in</span> <span class='ocrx_word' id='word_1_290' title='bbox 993 3593 1061 3652; x_wconf 86' lang='lat' dir='ltr'>toto</span> <span class='ocrx_word' id='word_1_291' title='bbox 1086 3589 1169 3652; x_wconf 58' lang='lat' dir='ltr'>cord*</span> 
     </span>
     <span class='ocr_line' id='line_1_38' title="bbox 242 3675 1177 3760; baseline 0.004 -22"><span class='ocrx_word' id='word_1_292' title='bbox 242 3675 284 3738; x_wconf 87' lang='lat' dir='ltr'>ad</span> <span class='ocrx_word' id='word_1_293' title='bbox 310 3696 363 3739; x_wconf 92' lang='lat' dir='ltr'>me</span> <span class='ocrx_word' id='word_1_294' title='bbox 386 3675 617 3756; x_wconf 79' lang='lat' dir='ltr'>convertimini,</span> <span class='ocrx_word' id='word_1_295' title='bbox 641 3682 680 3739; x_wconf 90' lang='lat' dir='ltr'>ut</span> <span class='ocrx_word' id='word_1_296' title='bbox 702 3697 828 3742; x_wconf 89' lang='lat' dir='ltr'>summo</span> <span class='ocrx_word' id='word_1_297' title='bbox 852 3677 958 3740; x_wconf 85' lang='lat' dir='ltr'>studio</span> <span class='ocrx_word' id='word_1_298' title='bbox 974 3677 1177 3760; x_wconf 71' lang='lat' dir='ltr'>intendente</span> 
     </span>
    </p>
   </div>
   <div class='ocr_carea' id='block_1_13' title="bbox 331 3823 1088 3925">
    <p class='ocr_par' dir='ltr' id='par_1_15' title="bbox 331 3823 1088 3925">
     <span class='ocr_line' id='line_1_39' title="bbox 331 3823 1088 3925; baseline 0.005 -25"><span class='ocrx_word' id='word_1_299' title='bbox 331 3848 358 3916; x_wconf 86' lang='lat'>1)</span> <span class='ocrx_word' id='word_1_300' title='bbox 378 3848 514 3905; x_wconf 79' lang='lat' dir='ltr'>Converti</span> <span class='ocrx_word' id='word_1_301' title='bbox 526 3849 564 3902; x_wconf 92' lang='lat' dir='ltr'>ad</span> <span class='ocrx_word' id='word_1_302' title='bbox 576 3849 662 3925; x_wconf 90' lang='lat' dir='ltr'>deum</span> <span class='ocrx_word' id='word_1_303' title='bbox 675 3850 752 3918; x_wconf 87' lang='lat' dir='ltr'>quid.</span> <span class='ocrx_word' id='word_1_304' title='bbox 789 3849 817 3919; x_wconf 79' lang='grc'>2)</span> <span class='ocrx_word' id='word_1_305' title='bbox 836 3851 911 3904; x_wconf 84' lang='lat' dir='ltr'>Ion:</span> <span class='ocrx_word' id='word_1_306' title='bbox 940 3823 1043 3905; x_wconf 85' lang='lat' dir='ltr'>Matth.</span> <span class='ocrx_word' id='word_1_307' title='bbox 1063 3851 1088 3905; x_wconf 80' lang='lat'>6.</span> 
     </span>
    </p>
   </div>
   <div class='ocr_carea' id='block_1_14' title="bbox 0 0 1296 4267">
    <p class='ocr_par' dir='ltr' id='par_1_16' title="bbox 0 0 1296 4267">
     <span class='ocr_line' id='line_1_40' title="bbox 0 0 1296 4267; baseline 0 0"><span class='ocrx_word' id='word_1_308' title='bbox 0 0 1296 4267; x_wconf 95' lang='lat' dir='ltr'> </span> 
     </span>
    </p>
   </div>
  </div>
 </body>
</html>
