2584 4267
421 329 520 394 Joelis
542 331 728 414 prophetae.
979 331 1045 396 299

200 503 280 571 ¹Sed
295 507 478 572 consolatur
492 509 644 572 dominus
659 509 722 572 hoo
736 508 772 570 in
786 508 856 571 loco
868 508 1046 586 ecclesiam,

117 603 145 661 et
163 595 239 660 dicit
267 595 457 677 sangninem
484 597 689 662 innocentem
712 595 817 660 fundi.
862 597 935 661 Non
958 599 1047 661 enim

118 686 240 749 istorum
262 686 436 748 criminum
458 706 513 749 rea
534 693 583 750 est
605 687 748 764 ecclesia,
772 684 829 748 sed
845 686 956 751 divina
969 707 1048 751 voce

118 775 233 839 iubetur
253 775 335 838 haec
357 775 471 854 iniqua
491 776 607 838 mundi
629 774 751 839 iudicia
772 780 990 853 contemnere,
1014 782 1049 840 et

118 870 252 941 statuere,
277 863 366 946 quod
388 870 513 946 praeter
527 865 680 928 meritum
700 885 719 926 a
733 862 857 926 mundo
873 864 1046 945 affligatur.

118 952 195 1015 Haec
216 972 292 1033 sane
307 971 376 1015 non
398 957 448 1016 est
462 952 578 1032 exigua
593 952 779 1017 consolatio.
818 953 932 1034 ltaque
948 953 1046 1018 Satan

119 1046 237 1104 conatur
270 1059 343 1104 eam
377 1059 538 1105 removere
573 1061 614 1103 ex
655 1042 755 1105 oculis
794 1048 891 1122 atque
925 1042 1045 1105 animo.

118 1128 178 1192 Hoc
199 1129 286 1192 enim
308 1130 345 1192 in
367 1129 486 1193 talibus
502 1130 738 1193 calamitatibus
761 1131 905 1212 primurn
927 1137 985 1208 est,
1009 1137 1048 1194 ut

118 1217 205 1279 animi
228 1237 321 1281 suam
350 1217 592 1282 immunditiem
619 1219 783 1282 intuentes
814 1225 985 1299 angantur,
1015 1225 1048 1283 et

118 1326 152 1367 ex
175 1307 287 1370 merito
316 1307 424 1371 venire
447 1327 587 1390 poenam
608 1307 762 1384 iudicent.
809 1306 872 1370 Sed
894 1306 1048 1370 dominus

117 1395 295 1476 pronunciat
316 1394 504 1460 innocentes
524 1396 635 1477 affligi.
676 1395 746 1460 Etsi
761 1396 849 1458 enim
864 1403 1045 1478 peccatores

118 1489 196 1561 sunt,
222 1491 333 1548 tamen
364 1491 397 1548 et
430 1486 611 1548 condonata
644 1485 690 1548 eis
725 1491 802 1548 sunt
828 1491 960 1567 peecata
987 1503 1047 1568 per

117 1571 275 1650 Christum,
301 1580 333 1636 et
350 1573 461 1637 hostes
475 1573 621 1656 ipsorum
636 1573 826 1655 neutiquam
848 1573 910 1637 hoo
933 1579 1044 1654 agunt,

115 1667 145 1724 ut
163 1669 292 1743 propter
313 1668 445 1744 peccata
471 1683 524 1726 eos
547 1662 694 1745 punient.
740 1663 943 1740 Doctrinam,
972 1682 1044 1724 con·

115 1747 286 1828 sessionem,
310 1750 409 1814 fldem
432 1751 577 1816 oderunt.
616 1753 707 1814 Haec
723 1751 791 1816 sela
806 1751 954 1814 Satanico
970 1749 1044 1813 odio

115 1846 348 1919 persequuntur,
373 1847 405 1903 et
420 1841 606 1922 extinguere
622 1839 763 1904 student.
795 1837 924 1920 Duplici
946 1838 1047 1919 igitur

115 1928 234 1990 nomine
258 1935 335 1993 sunt
357 1930 546 1993 innocentes
568 1936 600 1993 et
622 1934 753 2011 propter
775 1926 873 1990 fidem
899 1928 935 1990 in
955 1927 1041 1990 chri-

115 2022 199 2094 stum,
216 2037 299 2097 quae
315 2018 398 2081 tollit
412 2024 552 2100 peccata,
576 2024 609 2081 et
628 2022 760 2100 propter
773 2016 917 2079 hostium
932 2016 1047 2096 iniqua

114 2103 235 2182 iudicia,
267 2105 325 2186 qui
353 2126 481 2169 summa
507 2107 593 2170 dona
619 2107 751 2188 spiritus
774 2105 877 2168 sancti
898 2105 1045 2186 blasphe-

114 2192 203 2256 miam
226 2213 296 2257 esse
319 2197 546 2277 pronunciant.

190 2284 264 2346 Non
287 2289 397 2347 tamen
420 2284 606 2365 negandum
626 2289 675 2347 est
690 2283 856 2346 eeclesiam
879 2301 983 2364 saepe,
1008 2290 1048 2346 ut

114 2377 272 2434 nocentem
307 2371 418 2453 affligi.
465 2368 569 2437 David
604 2373 665 2436 etsi
699 2371 790 2436 audit
822 2371 1046 2435 remissionem

115 2466 323 2538 peccatorum,
346 2468 456 2524 tamen
480 2461 586 2525 caedis
609 2468 641 2525 et
665 2461 813 2524 adulterii
835 2480 955 2542 poenas
978 2461 1046 2538 dat,

115 2545 184 2610 dum
205 2549 405 2629 extinguitur
426 2549 536 2614 infans
559 2571 600 2613 ex
615 2549 771 2613 adulterio
792 2555 897 2626 natus,
921 2551 1049 2631 etipse

117 2655 202 2716 regno
224 2657 282 2719 per
296 2638 401 2702 filium
424 2639 558 2702 eiioitur.
604 2639 648 2702 Et
661 2639 773 2702 Petrus
798 2631 860 2700 ait¹
887 2638 1045 2700 iudicium

115 2723 242 2807 incipere
266 2726 404 2790 adorno
427 2728 562 2791 domini.
615 2727 678 2790 Sed
705 2732 835 2808 propter
858 2726 1048 2788 huiusmodi

116 2821 235 2892 peccata
256 2817 400 2880 mundus
427 2817 594 2880 ecclesiam
618 2835 684 2878 non
707 2815 791 2891 odit,
822 2833 882 2876 nec
909 2815 945 2877 in
974 2833 1047 2876 earn

117 2902 338 2969 animadvertit.
407 2907 535 2970 Praeter
574 2905 726 2967 meritum
766 2902 864 2983 igitur
904 2908 937 2965 et
974 2922 1049 2966 uere

119 2988 292 3072 innocentes
316 2994 507 3074 affliguntur
521 2988 597 3077 pii.³
639 2992 881 3056 Confessionem
904 2991 991 3054 enim
1015 2997 1050 3054 et

116 3076 202 3143 idem
222 3080 366 3146 mundus
389 3083 474 3161 odit,
506 3103 589 3164 quae
612 3089 696 3146 certe
726 3100 793 3144 non
815 3086 959 3162 peccata,
990 3079 1048 3142 sed

117 3183 230 3232 summa
258 3170 312 3233 dei
342 3171 428 3235 dona
462 3178 547 3236 sunt.
593 3173 685 3234 Iusta
717 3171 815 3251 igitur
849 3188 954 3251 poena
987 3174 1047 3246 est,

117 3258 210 3332 quoad
232 3259 348 3337 deum,
380 3281 489 3324 coram
516 3281 554 3324 eo
577 3261 665 3323 enirn
688 3279 784 3323 nemo
808 3264 857 3321 est
877 3259 1045 3321 innocens.

116 3340 180 3408 Odit
201 3354 309 3412 autern
324 3356 503 3431 peccatum
527 3356 560 3414 et
581 3350 651 3414 vult
670 3348 829 3430 paulatim
843 3345 879 3409 id
894 3347 929 3411 in
952 3348 1048 3411 nobis

167 3435 230 3514 leri,
255 3444 289 3500 et
302 3445 430 3503 revocat
443 3439 506 3502 hoc
521 3438 619 3502 medo
635 3437 677 3500 ad
700 3437 943 3520 poenitentiam.
983 3437 1046 3500 Sed

166 3577 320 3589 -—-—

176 3620 217 3717 ’1)
244 3648 373 3703 Ecclesia
394 3648 504 3717 patitur
528 3653 642 3716 praeter
664 3648 814 3718 meritum,
844 3645 898 3700 etsi
923 3647 1039 3712 peccata

165 3721 197 3772 et.
244 3718 273 3788 2)
301 3721 379 3774 Ion:
409 3719 433 3773 1.
456 3719 517 3773 Pet.
544 3717 569 3773 4„
615 3719 644 3787 3)
673 3719 803 3774 Ecclesia
829 3731 935 3771 nocens
959 3717 989 3767 et
1006 3714 1048 3766 in·

165 3804 214 3844 ns.
