2584 4267
417 298 516 362 Joelis
539 299 723 381 prophetae.
976 301 1038 365 175
1069 262 1078 278 Ι

113 475 233 542 excitati
265 481 298 539 et
331 474 462 552 hilares,
498 476 597 540 etiam
631 497 714 557 quae
748 497 864 559 parum
898 477 1040 544 iucunda

111 571 196 641 sunt,
222 563 365 628 iucunda
387 572 419 628 et
441 564 553 645 gaudii
574 566 626 629 sui
656 566 784 632 conscia
813 587 882 630 esse
905 567 1037 632 ducunt.

213 687 412 752 Dominus
439 688 510 752 dat
537 709 679 752 vocem
710 709 825 753 suam
855 698 952 756 ante
975 711 1038 756 ex·

153 777 322 842 ercitum
350 798 476 841 suum.

195 883 279 960 Quid
300 884 447 949 dicemus
468 884 554 947 hano
577 883 702 947 domini
724 905 836 950 vocem
864 906 946 965 esse,
975 907 1040 968 qua

117 980 264 1054 utrunque
298 973 351 1050 fit,
390 980 427 1038 ut
459 973 569 1037 hostes
603 992 722 1054 magno
757 975 866 1039 animo
901 975 1041 1058 pericula

116 1061 215 1127 omnia
235 1068 445 1126 contemnant
467 1068 499 1125 et
521 1060 667 1142 gnaviter
689 1082 758 1140 rem
780 1070 901 1144 gerant,
924 1064 1041 1130 Judaei

115 1157 214 1215 autem
228 1171 345 1233 pavore
360 1158 392 1215 et
408 1150 647 1232 perturbatione
662 1149 812 1233 impediti
827 1147 1036 1234 desperenti¹

115 1239 203 1302 Aliud
224 1239 321 1316 nihil,
349 1259 449 1320 quam
480 1239 567 1320 quod
595 1239 692 1302 corda
716 1239 891 1321 impiorum
922 1240 1041 1322 frangit

115 1326 194 1405 deus,
217 1328 301 1392 siout
323 1347 340 1390 e
363 1335 474 1392 contra
496 1328 643 1390 animum
667 1327 757 1391 addit
771 1327 928 1393 hostibus.
967 1330 1040 1394 Non

113 1418 192 1480 enim
207 1417 359 1482 securitas
373 1417 549 1499 impiomm
564 1423 719 1499 perpetua
734 1424 791 1494 est,
808 1437 883 1482 cunr
897 1417 1042 1500 primum

114 1506 224 1586 ingruit
244 1506 293 1569 ira
316 1505 449 1582 domini,
473 1512 640 1588 peccatum
663 1505 751 1586 quod
766 1513 910 1590 tempore
926 1508 1038 1572 securi·

113 1596 180 1658 tatis
201 1595 304 1658 altum
326 1615 478 1658 somnum
501 1594 683 1672 dormierat,
707 1595 878 1674 excitatur,
911 1604 943 1662 et
972 1604 1039 1660 tan·

112 1703 204 1764 quam
225 1703 338 1747 saevus
360 1683 453 1747 lictor
475 1684 636 1747 excruciat
658 1684 818 1761 animum,
843 1684 919 1749 inde
942 1705 1040 1765 pavor

116 1779 144 1836 et
163 1772 340 1855 desperatio
362 1773 523 1849 oriuntur,
551 1778 589 1836 ut
611 1773 710 1835 etiam
732 1771 774 1835 ad
797 1773 867 1836 folii
898 1773 1041 1837 sonitum

115 1861 238 1941 fugiant.
285 1861 349 1924 Hic
371 1861 504 1925 tandem
526 1860 600 1923 finis
624 1867 673 1924 est
694 1861 880 1942 impietatis.
925 1862 1060 1928 Hacter

114 1969 168 2014 nus
188 1949 380 2014 vaticinatus
403 1956 452 2044 est
474 1950 630 2032 propheta
653 1949 693 2012 de
722 1949 831 2013 futura
860 1969 916 2031 per
938 1949 1039 2030 Baby·

113 2038 227 2102 lonium
256 2038 448 2114 vastatione,
484 2058 571 2101 nunc
599 2045 756 2118 tanquam
786 2037 930 2101 medicus
954 2058 1039 2121 prae·

113 2135 214 2191 monet
236 2127 277 2191 de
304 2126 447 2192 cavenda
468 2127 529 2190 hac
564 2146 682 2208 poena,
712 2133 745 2191 et
772 2127 955 2207 effugienda
985 2147 1041 2209 per

113 2235 212 2280 veram
233 2217 468 2299 poenitentiam
491 2222 524 2278 et
544 2215 731 2279 orationem.
850 2267 853 2273 .

213 2341 267 2405 Et
294 2341 420 2405 etiam
446 2340 524 2403 iam
552 2359 657 2402 nunc
691 2339 799 2403 dicit
831 2340 1039 2404 dominus:

152 2428 455 2494 Convertimini
494 2448 625 2508 usque
667 2427 715 2491 ad
760 2448 819 2492 me
863 2429 906 2492 in
951 2435 1041 2493 toto

150 2518 274 2582 eorde
302 2525 459 2593 vestro,
488 2518 530 2582 in
559 2517 723 2581 ieiunio
746 2517 851 2582 etin
874 2518 982 2582 fletu
1004 2526 1042 2582 et

149 2607 193 2671 in
219 2608 347 2671 luctu.
398 2607 449 2670 Et
476 2605 663 2670 scindite
690 2626 759 2671 cor
788 2613 970 2670 vestrum
1005 2614 1043 2671 et

152 2716 230 2760 non
267 2695 526 2760 vestimenta
562 2687 719 2771 uestra,
758 2701 798 2758 et
835 2696 1041 2759 converti·

152 2784 253 2848 mini
282 2784 332 2847 ad
362 2783 480 2847 deum
513 2789 698 2846 vestrum
732 2783 928 2863 quoniam
963 2785 1041 2845 cle-

150 2892 266 2937 mens
300 2879 342 2936 et
374 2873 613 2937 misericors
647 2871 752 2954 ipse,
786 2870 1042 2950 longanimis

151 2969 189 3026 et
224 2961 408 3025 multum
444 2961 681 3038 beneficus,
721 2966 762 3024 et
802 2959 1043 3041 poenitebit

151 3070 277 3133 super
299 3051 415 3114 malo.

220 3152 333 3221 'Haec
345 3162 395 3220 est
408 3156 544 3238 insignis
560 3157 739 3220 exhortatio
754 3153 796 3217 ad
811 3175 920 3219 veram
935 3155 1041 3237 poeni·

119 3247 253 3322 tentiam,
277 3265 316 3308 ac
331 3245 431 3326 digna
444 3265 527 3326 quae
549 3245 646 3309 hodie
662 3245 831 3331 diligenter
852 3244 888 3307 in
903 3245 1042 3309 ecclesiis

120 3329 281 3398 narretur.⁸
331 3335 409 3398 Vita
429 3334 571 3399 hominis
592 3334 767 3417 peccatoris
783 3333 871 3396 aliud
887 3333 969 3397 nihil
984 3341 1041 3410 eet,

159 3442 207 3485 arn
229 3429 387 3506 perpetua
408 3423 530 3487 aversio
553 3443 573 3487 a
595 3422 665 3500 deo,
690 3422 748 3503 qui
770 3441 804 3484 se
827 3422 869 3486 ad
892 3442 952 3487 nos
971 3443 1042 3487 con-

159 3512 202 3574 tit
223 3531 282 3594 per
303 3512 439 3577 verbum
461 3531 570 3588 suum,
600 3512 657 3575 sed
680 3531 739 3576 nos
761 3531 850 3575 more
877 3511 1043 3575 rebellium

195 3703 223 3771 1)
242 3703 310 3758 Vox
327 3703 438 3758 domini
456 3703 534 3772 quid.
570 3702 599 3771 2)
618 3703 692 3758 Ien:
711 3701 883 3760 Exhortatio
899 3701 936 3755 ad
949 3701 1043 3769 poeni-

164 3774 235 3830 tiarn
275 3774 305 3842 3)
325 3776 467 3831 Aversum
484 3790 548 3830 esse
565 3790 583 3828 a
601 3773 663 3829 deo.
