2584 4267
233 275 298 338 412
359 271 369 282 '
571 274 676 356 Caput
697 258 830 336 tertium

233 435 358 536 supra*
403 453 463 517 Est
490 451 611 532 inquit,
641 452 678 514 in
704 452 767 514 hoo
796 471 893 530 regno
924 449 1014 512 nulla
1028 430 1174 511 'admini
1262 517 1266 524 ¹

232 543 342 605 stratio
357 541 445 618 iuris,
469 542 559 614 nulla
573 535 750 617 antemio,¹
778 559 844 603 non
867 539 1005 602 cattinis
1020 538 1175 602 avaritiae
1262 538 1266 547 ⁵

232 638 264 694 et
286 631 456 713 pompae.†
504 630 596 692 Idem
619 630 731 692 Esaias
753 648 823 710 cap.
849 627 922 706 2.t†
948 617 1172 709 reprehendit:

232 719 366 800 Repleta
388 726 445 795 est,
469 719 585 799 inquit,
608 725 693 782 terra
715 723 854 798 argento
871 723 903 779 et
922 736 1009 792 auro,
1034 736 1101 778 non
1123 721 1175 778 est

231 804 591 870 11010000000000000111
619 808 770 870 0100000.
811 806 889 868 ‘Hoc
915 805 1033 868 vitium
1059 823 1174 866 omnes
1245 803 1250 810 ’

232 897 332 959 ferme
355 897 530 977 prophetae
545 896 704 959 damnant
717 895 753 957 in
775 897 837 957 hoc
859 887 1009 976 populo,²
1035 892 1175 974 impiam

231 984 437 1064 tyrannidem
460 985 653 1066 principum.

425 1162 581 1226 Nesciunt
604 1162 692 1224 enim
716 1161 819 1224 facere
842 1167 974 1223 rectum.

320 1267 355 1329 id
378 1273 442 1330 est:
473 1275 602 1332 tantum
624 1268 717 1331 abest
738 1273 776 1330 00
797 1267 876 1330 0001
898 1267 964 1329 0100
991 1250 1023 1328 et
1044 1264 1107 1345 pii,
1136 1270 1178 1327 ut

232 1355 330 1417 etiam
353 1369 450 1419 00000
466 1358 630 1420 communi
646 1344 784 1433 careant,
808 1347 1057 1418 0000000000008
1084 1353 1178 1417 velut

231 1444 462 1507 irrationabilia
484 1465 607 1526 peoora.

360 1711 361 1716 η
452 1622 671 1685 Tribulabitur
693 1622 837 1703 undique
860 1627 953 1701 terra.

322 1729 487 1792 Sententia
510 1735 572 1792 est:
605 1729 654 1792 Tu
677 1728 790 1809 diripis
819 1747 1001 1809 pauperum
1027 1725 1176 1808 0000000-
1266 1734 1274 1746 ’

232 1818 308 1894 tias,
355 1839 422 1898 000
469 1824 518 1881 000
557 1818 675 1880 modus
716 1815 883 1894 avaritiae,
926 1815 982 1878 sed
1015 1815 1178 1877 iudicium

233 1905 286 1967 dei
308 1907 450 1969 vicissim
479 1913 511 1969 te
541 1912 665 1982 manet,
698 1905 843 1986 captivus
874 1903 1055 1980 abduceris,
1087 1904 1175 1965 aufe

233 2002 342 2058 rentur
364 1995 424 2058 tibi
447 1995 557 2057 omnia
578 1994 665 2057 bona
688 2002 720 2058 et
743 2001 933 2057 ornamenta
947 2000 1013 2069 tua,
1037 2012 1177 2072 regnum
1274 1985 1280 2022 ⁴'

234 2091 266 2147 et
288 2083 501 2148 sacerdotium
523 2091 626 2147 tuum.
1278 2087 1280 2090 ’

577 2241 746 2305 Fortitudo
769 2246 835 2303 000.
939 2204 943 2207 ἢ

322 2348 412 2409 Ηο00
434 2341 515 2410 vox4
542 2368 600 2428 pro
623 2367 722 2426 regno
744 2347 790 2414 in!
803 2347 961 2428 scriptura
975 2367 1071 2428 saepe
1095 2347 1176 2410 acci·

233 2436 347 2585 pitarffl·
372 2435 454 2497 siout
487 2442 520 2498 00
553 2435 606 2498 hic
640 2443 689 2499 est
723 2434 911 2516 accipienda
939 2441 972 2498 00
998 2435 1033 2496 10
1062 2437 1177 2499 multis

233 2543 271 2604 ps
338 2543 375 2585 rs.
882 2538 886 2540 ·

459 2683 628 2758 Quomodo
652 2683 736 2746 eruit
758 2690 867 2764 pastor
890 2690 949 2747 etc.

323 2789 409 2852 Deus
429 2810 495 2852 non
509 2790 656 2853 irascitur
664 2783 759 2853 ‘more
773 2789 990 2869 humandi-tt
1013 2791 1179 2870 siquidem

233 2879 381 2940 homines
404 2884 496 2942 tanta
518 2879 690 2942 acerbitate
713 2885 790 2942 0000
808 2880 844 2940 10
860 2899 914 2942 000
929 2878 1010 2958 quos
1026 2878 1177 2957 oderunt,

179 3020 180 3026 ,
234 2973 271 3029 00
300 2987 353 3029 000
388 2968 517 3046 penitus
551 2965 686 3029 mallent
719 2967 865 3047 extingui
899 2987 999 3048 quam
1028 2969 1081 3031 vel
1109 2988 1179 3031 una

324 3140 349 3206 ·)
369 3141 510 3194 Insanias.
548 3139 589 3208 ”)
608 3141 689 3194 Haeo
714 3157 772 3196 vox
797 3146 842 3195 est
867 3158 954 3209 quam
981 3140 1118 3196 Christus
1144 3144 1177 3197 10
1237 3124 1241 3128 ’

234 3211 381 3276 evangelio
400 3215 483 3266 vocat
501 3211 676 3280 Mammona,
692 3212 873 3280 iniquitates.

326 3367 352 3436 Ῑ)
371 3370 481 3436 politia.
513 3369 540 3438 2)
562 3348 670 3426 soilicet
688 3371 809 3440 impiam
821 3387 884 3438 sqq.
912 3371 941 3440 3)
960 3371 1178 3426 obbrutescant-

236 3455 299 3506 que.
336 3439 364 3508 4)
384 3441 521 3495 Additur:
540 3443 580 3498 tr.

324 3599 352 3668 †)
366 3600 506 3668 Impietas
523 3600 640 3656 Israelis
653 3602 796 3670 'tyrannis
815 3606 845 3654 et
864 3601 991 3657 avaritia.
1011 3601 1060 3672 ††)
1070 3604 1126 3657 Esa

233 3671 298 3740 000)
319 3672 395 3725 Ien:
415 3672 507 3724 Aliter
526 3671 605 3741 deus,
625 3673 709 3726 aliter
720 3673 853 3727 homines
866 3673 1036 3728 irascuntur.
1067 3674 1124 3728 Vui

234 3743 299 3794 Alia
318 3742 363 3794 dei
384 3743 440 3795 alia
459 3742 610 3796 hominum
628 3744 678 3796 ira.
