<?xml version="1.0" encoding="UTF-8"?>
<!DOCTYPE html PUBLIC "-//W3C//DTD XHTML 1.0 Transitional//EN"
    "http://www.w3.org/TR/xhtml1/DTD/xhtml1-transitional.dtd">
<html xmlns="http://www.w3.org/1999/xhtml" xml:lang="en" lang="en">
 <head>
  <title>
</title>
<meta http-equiv="Content-Type" content="text/html;charset=utf-8" />
  <meta name='ocr-system' content='tesseract 3.04.00' />
  <meta name='ocr-capabilities' content='ocr_page ocr_carea ocr_par ocr_line ocrx_word'/>
</head>
<body>
  <div class='ocr_page' id='page_1' title='image "./exegeticaoperal12luthgoog_0216.png"; bbox 0 0 2584 4267; ppageno 0'>
   <div class='ocr_carea' id='block_1_1' title="bbox 397 315 1020 401">
    <p class='ocr_par' dir='ltr' id='par_1_1' title="bbox 397 315 1020 401">
     <span class='ocr_line' id='line_1_1' title="bbox 397 315 1020 401; baseline -0.029 2"><span class='ocrx_word' id='word_1_1' title='bbox 397 315 496 401; x_wconf 62' lang='grc'>101111</span> <span class='ocrx_word' id='word_1_2' title='bbox 518 319 702 400; x_wconf 74' lang='lat' dir='ltr'><strong>prophetae·</strong></span> <span class='ocrx_word' id='word_1_3' title='bbox 955 323 1020 389; x_wconf 78' lang='grc'><strong>101</strong></span> 
     </span>
    </p>
   </div>
   <div class='ocr_carea' id='block_1_2' title="bbox 46 493 1092 3594">
    <p class='ocr_par' dir='ltr' id='par_1_2' title="bbox 91 493 1020 1197">
     <span class='ocr_line' id='line_1_2' title="bbox 94 493 1019 576; baseline 0.005 -19"><span class='ocrx_word' id='word_1_4' title='bbox 94 495 137 557; x_wconf 88' lang='lat' dir='ltr'><strong>Ne</strong></span> <span class='ocrx_word' id='word_1_5' title='bbox 157 494 266 557; x_wconf 86' lang='lat' dir='ltr'><strong>timeas</strong></span> <span class='ocrx_word' id='word_1_6' title='bbox 290 499 384 562; x_wconf 81' lang='lat' dir='ltr'><strong>terra.</strong></span> <span class='ocrx_word' id='word_1_7' title='bbox 429 493 534 559; x_wconf 79' lang='lat' dir='ltr'><strong>Sentit</strong></span> <span class='ocrx_word' id='word_1_8' title='bbox 548 495 637 559; x_wconf 89' lang='lat' dir='ltr'><strong>enim</strong></span> <span class='ocrx_word' id='word_1_9' title='bbox 652 495 698 557; x_wconf 87' lang='lat' dir='ltr'><strong>sic</strong></span> <span class='ocrx_word' id='word_1_10' title='bbox 713 494 900 560; x_wconf 88' lang='lat' dir='ltr'><strong>immersam</strong></span> <span class='ocrx_word' id='word_1_11' title='bbox 914 498 1019 576; x_wconf 85' lang='lat' dir='ltr'><strong>malis,</strong></span> 
     </span>
     <span class='ocr_line' id='line_1_3' title="bbox 94 583 1020 664; baseline 0.011 -20"><span class='ocrx_word' id='word_1_12' title='bbox 94 589 127 645; x_wconf 93' lang='lat' dir='ltr'><strong>ut</strong></span> <span class='ocrx_word' id='word_1_13' title='bbox 147 583 239 646; x_wconf 82' lang='lat' dir='ltr'><strong>etiam</strong></span> <span class='ocrx_word' id='word_1_14' title='bbox 256 602 341 664; x_wconf 90' lang='lat' dir='ltr'><strong>quae</strong></span> <span class='ocrx_word' id='word_1_15' title='bbox 356 588 428 649; x_wconf 87' lang='lat' dir='ltr'><strong>tuta</strong></span> <span class='ocrx_word' id='word_1_16' title='bbox 442 590 520 646; x_wconf 92' lang='lat' dir='ltr'><strong>sunt</strong></span> <span class='ocrx_word' id='word_1_17' title='bbox 533 585 655 648; x_wconf 88' lang='lat' dir='ltr'><strong>timeat.</strong></span> <span class='ocrx_word' id='word_1_18' title='bbox 702 583 736 646; x_wconf 83' lang='lat' dir='ltr'><strong>si</strong></span> <span class='ocrx_word' id='word_1_19' title='bbox 750 584 848 664; x_wconf 84' lang='lat' dir='ltr'><strong>igitur</strong></span> <span class='ocrx_word' id='word_1_20' title='bbox 862 587 1020 654; x_wconf 84' lang='lat' dir='ltr'><strong>rationem</strong></span> 
     </span>
     <span class='ocr_line' id='line_1_4' title="bbox 96 671 1020 753; baseline 0.009 -19"><span class='ocrx_word' id='word_1_21' title='bbox 96 672 234 752; x_wconf 84' lang='lat' dir='ltr'><strong>sequaris,</strong></span> <span class='ocrx_word' id='word_1_22' title='bbox 250 671 384 734; x_wconf 87' lang='lat' dir='ltr'><strong>ecelesia</strong></span> <span class='ocrx_word' id='word_1_23' title='bbox 398 672 539 753; x_wconf 87' lang='lat' dir='ltr'><strong>pessimo</strong></span> <span class='ocrx_word' id='word_1_24' title='bbox 554 673 624 735; x_wconf 91' lang='lat' dir='ltr'><strong>loco</strong></span> <span class='ocrx_word' id='word_1_25' title='bbox 639 678 697 749; x_wconf 89' lang='lat' dir='ltr'><strong>est,</strong></span> <span class='ocrx_word' id='word_1_26' title='bbox 722 672 895 737; x_wconf 82' lang='lat' dir='ltr'><strong>adversarii</strong></span> <span class='ocrx_word' id='word_1_27' title='bbox 910 681 1020 742; x_wconf 87' lang='lat' dir='ltr'><strong>autem</strong></span> 
     </span>
     <span class='ocr_line' id='line_1_5' title="bbox 96 760 1018 844; baseline 0.008 -23"><span class='ocrx_word' id='word_1_28' title='bbox 96 760 155 822; x_wconf 90' lang='lat' dir='ltr'><strong>eius</strong></span> <span class='ocrx_word' id='word_1_29' title='bbox 169 766 242 823; x_wconf 85' lang='lat' dir='ltr'><strong>cunt</strong></span> <span class='ocrx_word' id='word_1_30' title='bbox 254 760 379 841; x_wconf 88' lang='lat' dir='ltr'><strong>optimo</strong></span> <span class='ocrx_word' id='word_1_31' title='bbox 393 760 472 825; x_wconf 90' lang='lat' dir='ltr'><strong>locc.</strong></span> <span class='ocrx_word' id='word_1_32' title='bbox 506 761 585 824; x_wconf 82' lang='lat' dir='ltr'><strong>ideo</strong></span> <span class='ocrx_word' id='word_1_33' title='bbox 599 761 811 841; x_wconf 88' lang='lat' dir='ltr'><strong>triumphant,</strong></span> <span class='ocrx_word' id='word_1_34' title='bbox 833 763 1018 844; x_wconf 80' lang='lat' dir='ltr'><strong>efferuntur,</strong></span> 
     </span>
     <span class='ocr_line' id='line_1_6' title="bbox 95 847 1020 932; baseline 0.004 -20"><span class='ocrx_word' id='word_1_35' title='bbox 95 847 233 928; x_wconf 80' lang='lat' dir='ltr'>gaudent,</span> <span class='ocrx_word' id='word_1_36' title='bbox 256 849 408 926; x_wconf 70' lang='lat' dir='ltr'><strong>videntur</strong></span> <span class='ocrx_word' id='word_1_37' title='bbox 430 849 518 912; x_wconf 87' lang='lat' dir='ltr'><strong>enim</strong></span> <span class='ocrx_word' id='word_1_38' title='bbox 540 849 619 918; x_wconf 81' lang='lat' dir='ltr'><strong>tutir</strong></span> <span class='ocrx_word' id='word_1_39' title='bbox 659 850 777 914; x_wconf 79' lang='lat' dir='ltr'>Contra</span> <span class='ocrx_word' id='word_1_40' title='bbox 793 850 925 916; x_wconf 89' lang='lat' dir='ltr'><strong>ecclesia</strong></span> <span class='ocrx_word' id='word_1_41' title='bbox 939 854 1020 932; x_wconf 48' lang='lat' dir='ltr'><strong>peri*</strong></span> 
     </span>
     <span class='ocr_line' id='line_1_7' title="bbox 93 935 1018 1020; baseline 0.005 -20"><span class='ocrx_word' id='word_1_42' title='bbox 93 937 164 1000; x_wconf 85' lang='lat' dir='ltr'><strong>culis</strong></span> <span class='ocrx_word' id='word_1_43' title='bbox 191 935 341 1020; x_wconf 69' lang='lat' dir='ltr'><strong>exposita*</strong></span> <span class='ocrx_word' id='word_1_44' title='bbox 374 943 409 1003; x_wconf 87' lang='lat' dir='ltr'><strong>et</strong></span> <span class='ocrx_word' id='word_1_45' title='bbox 434 937 546 1000; x_wconf 83' lang='lat' dir='ltr'><strong>ruinae</strong></span> <span class='ocrx_word' id='word_1_46' title='bbox 573 939 723 1020; x_wconf 85' lang='lat' dir='ltr'><strong>proxima</strong></span> <span class='ocrx_word' id='word_1_47' title='bbox 752 945 810 1004; x_wconf 88' lang='lat' dir='ltr'><strong>est.</strong></span> <span class='ocrx_word' id='word_1_48' title='bbox 868 940 930 1002; x_wconf 85' lang='lat' dir='ltr'><strong>Sed</strong></span> <span class='ocrx_word' id='word_1_49' title='bbox 963 941 1018 1005; x_wconf 88' lang='lat' dir='ltr'><strong>hic</strong></span> 
     </span>
     <span class='ocr_line' id='line_1_8' title="bbox 92 1025 1017 1110; baseline 0.005 -22"><span class='ocrx_word' id='word_1_50' title='bbox 92 1026 272 1107; x_wconf 87' lang='lat' dir='ltr'><strong>prophetam</strong></span> <span class='ocrx_word' id='word_1_51' title='bbox 294 1025 381 1089; x_wconf 87' lang='lat' dir='ltr'><strong>audi.</strong></span> <span class='ocrx_word' id='word_1_52' title='bbox 428 1027 511 1100; x_wconf 72' lang='lat' dir='ltr'><strong>Quia</strong></span> <span class='ocrx_word' id='word_1_53' title='bbox 533 1027 758 1107; x_wconf 86' lang='lat' dir='ltr'><strong>magnificatus</strong></span> <span class='ocrx_word' id='word_1_54' title='bbox 782 1035 830 1092; x_wconf 88' lang='lat' dir='ltr'><strong>est</strong></span> <span class='ocrx_word' id='word_1_55' title='bbox 858 1029 1017 1110; x_wconf 87' lang='lat' dir='ltr'><strong>faciendo,</strong></span> 
     </span>
     <span class='ocr_line' id='line_1_9' title="bbox 91 1113 706 1197; baseline 0.005 -21"><span class='ocrx_word' id='word_1_56' title='bbox 91 1113 164 1192; x_wconf 91' lang='lat' dir='ltr'><strong>ideo,</strong></span> <span class='ocrx_word' id='word_1_57' title='bbox 184 1115 301 1197; x_wconf 87' lang='lat' dir='ltr'><strong>inquit,</strong></span> <span class='ocrx_word' id='word_1_58' title='bbox 325 1115 459 1179; x_wconf 83' lang='lat' dir='ltr'><strong>foetebit</strong></span> <span class='ocrx_word' id='word_1_59' title='bbox 481 1121 514 1178; x_wconf 90' lang='lat' dir='ltr'><strong>et</strong></span> <span class='ocrx_word' id='word_1_60' title='bbox 534 1122 706 1197; x_wconf 79' lang='lat' dir='ltr'><strong>putrescet.</strong></span> 
     </span>
    </p>

    <p class='ocr_par' dir='ltr' id='par_1_3' title="bbox 46 1198 1092 2882">
     <span class='ocr_line' id='line_1_10' title="bbox 174 1198 1017 1284; baseline 0.007 -20"><span class='ocrx_word' id='word_1_61' title='bbox 174 1198 282 1267; x_wconf 87' lang='lat' dir='ltr'><strong>1Ratio</strong></span> <span class='ocrx_word' id='word_1_62' title='bbox 299 1204 481 1266; x_wconf 81' lang='lat' dir='ltr'><strong>existimat</strong></span> <span class='ocrx_word' id='word_1_63' title='bbox 514 1204 593 1267; x_wconf 86' lang='lat' dir='ltr'><strong>istos</strong></span> <span class='ocrx_word' id='word_1_64' title='bbox 626 1204 814 1284; x_wconf 83' lang='lat' dir='ltr'><strong>magnificos</strong></span> <span class='ocrx_word' id='word_1_65' title='bbox 848 1206 883 1268; x_wconf 90' lang='lat' dir='ltr'><strong>in</strong></span> <span class='ocrx_word' id='word_1_66' title='bbox 920 1207 1017 1270; x_wconf 90' lang='lat' dir='ltr'><strong>rebus</strong></span> 
     </span>
     <span class='ocr_line' id='line_1_11' title="bbox 91 1291 1015 1374; baseline 0.009 -21"><span class='ocrx_word' id='word_1_67' title='bbox 91 1291 226 1371; x_wconf 86' lang='lat' dir='ltr'><strong>gerendis</strong></span> <span class='ocrx_word' id='word_1_68' title='bbox 250 1311 428 1368; x_wconf 90' lang='lat' dir='ltr'><strong>successus,</strong></span> <span class='ocrx_word' id='word_1_69' title='bbox 460 1311 529 1355; x_wconf 89' lang='lat' dir='ltr'><strong>esse</strong></span> <span class='ocrx_word' id='word_1_70' title='bbox 552 1293 794 1356; x_wconf 85' lang='lat' dir='ltr'><strong>firmamentum</strong></span> <span class='ocrx_word' id='word_1_71' title='bbox 824 1295 1015 1374; x_wconf 83' lang='lat' dir='ltr'><strong>tyrannidis.</strong></span> 
     </span>
     <span class='ocr_line' id='line_1_12' title="bbox 91 1380 1016 1465; baseline 0.008 -24"><span class='ocrx_word' id='word_1_72' title='bbox 91 1381 128 1441; x_wconf 84' lang='lat' dir='ltr'><strong>At</strong></span> <span class='ocrx_word' id='word_1_73' title='bbox 146 1381 302 1462; x_wconf 88' lang='lat' dir='ltr'><strong>propheta</strong></span> <span class='ocrx_word' id='word_1_74' title='bbox 329 1380 492 1445; x_wconf 85' lang='lat' dir='ltr'><strong>diversum</strong></span> <span class='ocrx_word' id='word_1_75' title='bbox 519 1381 656 1459; x_wconf 90' lang='lat' dir='ltr'><strong>iudicat,</strong></span> <span class='ocrx_word' id='word_1_76' title='bbox 688 1402 725 1446; x_wconf 90' lang='lat' dir='ltr'><strong>ac</strong></span> <span class='ocrx_word' id='word_1_77' title='bbox 754 1383 868 1446; x_wconf 78' lang='lat' dir='ltr'><strong>statuit</strong></span> <span class='ocrx_word' id='word_1_78' title='bbox 894 1391 1016 1465; x_wconf 87' lang='lat' dir='ltr'><strong>quanto</strong></span> 
     </span>
     <span class='ocr_line' id='line_1_13' title="bbox 46 1468 1015 1550; baseline 0.007 -21"><span class='ocrx_word' id='word_1_79' title='bbox 46 1508 50 1517; x_wconf 81' lang='lat'><em>·</em></span> <span class='ocrx_word' id='word_1_80' title='bbox 92 1468 254 1534; x_wconf 80' lang='lat' dir='ltr'><strong>evehantur</strong></span> <span class='ocrx_word' id='word_1_81' title='bbox 281 1469 391 1549; x_wconf 84' lang='lat' dir='ltr'><strong>altius,</strong></span> <span class='ocrx_word' id='word_1_82' title='bbox 419 1475 511 1533; x_wconf 89' lang='lat' dir='ltr'><strong>tanto</strong></span> <span class='ocrx_word' id='word_1_83' title='bbox 541 1477 574 1534; x_wconf 91' lang='lat' dir='ltr'><strong>et</strong></span> <span class='ocrx_word' id='word_1_84' title='bbox 595 1469 723 1550; x_wconf 85' lang='lat' dir='ltr'><strong>gravius</strong></span> <span class='ocrx_word' id='word_1_85' title='bbox 746 1477 779 1535; x_wconf 87' lang='grc'><strong>11</strong></span> <span class='ocrx_word' id='word_1_86' title='bbox 800 1471 894 1536; x_wconf 90' lang='lat' dir='ltr'><strong>citius</strong></span> <span class='ocrx_word' id='word_1_87' title='bbox 923 1474 1015 1536; x_wconf 76' lang='lat' dir='ltr'><strong>colla·</strong></span> 
     </span>
     <span class='ocr_line' id='line_1_14' title="bbox 91 1558 1015 1641; baseline 0.008 -22"><span class='ocrx_word' id='word_1_88' title='bbox 91 1575 200 1636; x_wconf 82' lang='lat' dir='ltr'><strong>psurcs.</strong></span> <span class='ocrx_word' id='word_1_89' title='bbox 244 1558 458 1627; x_wconf 79' lang='lat' dir='ltr'><strong>Confirmatur</strong></span> <span class='ocrx_word' id='word_1_90' title='bbox 480 1562 590 1622; x_wconf 85' lang='lat' dir='ltr'><strong>autem</strong></span> <span class='ocrx_word' id='word_1_91' title='bbox 611 1561 692 1622; x_wconf 89' lang='lat' dir='ltr'><strong>haec</strong></span> <span class='ocrx_word' id='word_1_92' title='bbox 714 1579 797 1641; x_wconf 90' lang='lat' dir='ltr'><strong>pene</strong></span> <span class='ocrx_word' id='word_1_93' title='bbox 818 1561 1015 1626; x_wconf 88' lang='lat' dir='ltr'><strong>incredibilis</strong></span> 
     </span>
     <span class='ocr_line' id='line_1_15' title="bbox 93 1646 1015 1729; baseline 0.007 -22"><span class='ocrx_word' id='word_1_94' title='bbox 93 1646 237 1710; x_wconf 80' lang='grc'>1111111111</span> <span class='ocrx_word' id='word_1_95' title='bbox 258 1647 449 1727; x_wconf 89' lang='lat' dir='ltr'><strong>quotidiana</strong></span> <span class='ocrx_word' id='word_1_96' title='bbox 463 1647 670 1729; x_wconf 82' lang='lat' dir='ltr'><strong>experientia.</strong></span> <span class='ocrx_word' id='word_1_97' title='bbox 716 1649 800 1712; x_wconf 90' lang='lat' dir='ltr'><strong>Vide</strong></span> <span class='ocrx_word' id='word_1_98' title='bbox 814 1650 1015 1713; x_wconf 81' lang='lat' dir='ltr'><strong>Pharaonem</strong></span> 
     </span>
     <span class='ocr_line' id='line_1_16' title="bbox 92 1733 1014 1820; baseline 0.005 -24"><span class='ocrx_word' id='word_1_99' title='bbox 92 1733 291 1817; x_wconf 84' lang='lat' dir='ltr'><strong>iuAegyptc,</strong></span> <span class='ocrx_word' id='word_1_100' title='bbox 316 1735 492 1800; x_wconf 85' lang='lat' dir='ltr'><strong>Sanheriba</strong></span> <span class='ocrx_word' id='word_1_101' title='bbox 520 1736 562 1799; x_wconf 89' lang='lat' dir='ltr'><strong>ad</strong></span> <span class='ocrx_word' id='word_1_102' title='bbox 584 1737 788 1800; x_wconf 80' lang='lat' dir='ltr'><strong>Hierusalem</strong></span> <span class='ocrx_word' id='word_1_103' title='bbox 815 1739 1014 1820; x_wconf 80' lang='lat' dir='ltr'><strong>temporibus</strong></span> 
     </span>
     <span class='ocr_line' id='line_1_17' title="bbox 92 1821 1039 1906; baseline 0.003 -21"><span class='ocrx_word' id='word_1_104' title='bbox 92 1821 220 1901; x_wconf 88' lang='lat' dir='ltr'><strong>Hiskiae,</strong></span> <span class='ocrx_word' id='word_1_105' title='bbox 242 1825 388 1887; x_wconf 87' lang='lat' dir='ltr'><strong>Belsazer</strong></span> <span class='ocrx_word' id='word_1_106' title='bbox 402 1825 490 1906; x_wconf 87' lang='lat' dir='ltr'><strong>apud</strong></span> <span class='ocrx_word' id='word_1_107' title='bbox 504 1824 708 1905; x_wconf 88' lang='lat' dir='ltr'><strong>Babylonios,</strong></span> <span class='ocrx_word' id='word_1_108' title='bbox 730 1844 837 1888; x_wconf 89' lang='lat' dir='ltr'><strong>nonne</strong></span> <span class='ocrx_word' id='word_1_109' title='bbox 853 1831 924 1890; x_wconf 87' lang='lat' dir='ltr'><strong>tum</strong></span> <span class='ocrx_word' id='word_1_110' title='bbox 939 1845 1015 1888; x_wconf 90' lang='lat' dir='ltr'><strong>cum</strong></span> <span class='ocrx_word' id='word_1_111' title='bbox 1034 1869 1039 1878; x_wconf 88' lang='lat'><em>·</em></span> 
     </span>
     <span class='ocr_line' id='line_1_18' title="bbox 93 1913 1092 1991; baseline 0.002 -17"><span class='ocrx_word' id='word_1_112' title='bbox 93 1913 221 1990; x_wconf 86' lang='lat' dir='ltr'><strong>potentia</strong></span> <span class='ocrx_word' id='word_1_113' title='bbox 242 1913 396 1991; x_wconf 87' lang='lat' dir='ltr'><strong>maxima,</strong></span> <span class='ocrx_word' id='word_1_114' title='bbox 419 1920 453 1977; x_wconf 89' lang='lat' dir='ltr'><strong>et</strong></span> <span class='ocrx_word' id='word_1_115' title='bbox 473 1914 606 1979; x_wconf 82' lang='lat' dir='ltr'><strong>victoria</strong></span> <span class='ocrx_word' id='word_1_116' title='bbox 628 1913 805 1976; x_wconf 85' lang='lat' dir='ltr'><strong>certissima</strong></span> <span class='ocrx_word' id='word_1_117' title='bbox 828 1919 889 1991; x_wconf 90' lang='lat' dir='ltr'><strong>est,</strong></span> <span class='ocrx_word' id='word_1_118' title='bbox 914 1915 1014 1977; x_wconf 76' lang='lat' dir='ltr'><strong>conci·</strong></span> <span class='ocrx_word' id='word_1_119' title='bbox 1090 1929 1092 1936; x_wconf 61' lang='lat'><strong>⁴</strong></span> 
     </span>
     <span class='ocr_line' id='line_1_19' title="bbox 94 1995 1015 2080; baseline 0.004 -20"><span class='ocrx_word' id='word_1_120' title='bbox 94 1995 189 2064; x_wconf 67' lang='lat' dir='ltr'><strong>dunt.²</strong></span> <span class='ocrx_word' id='word_1_121' title='bbox 235 2001 408 2066; x_wconf 88' lang='lat' dir='ltr'><strong>Diversum</strong></span> <span class='ocrx_word' id='word_1_122' title='bbox 429 2009 539 2066; x_wconf 89' lang='lat' dir='ltr'><strong>autem</strong></span> <span class='ocrx_word' id='word_1_123' title='bbox 561 2003 602 2064; x_wconf 92' lang='lat' dir='ltr'><strong>de</strong></span> <span class='ocrx_word' id='word_1_124' title='bbox 625 2002 758 2065; x_wconf 88' lang='lat' dir='ltr'><strong>ecclesia</strong></span> <span class='ocrx_word' id='word_1_125' title='bbox 779 2003 831 2080; x_wconf 89' lang='lat' dir='ltr'><strong>fit,</strong></span> <span class='ocrx_word' id='word_1_126' title='bbox 863 2001 909 2065; x_wconf 93' lang='lat' dir='ltr'><strong>ibi</strong></span> <span class='ocrx_word' id='word_1_127' title='bbox 939 2021 1015 2064; x_wconf 92' lang='lat' dir='ltr'><strong>cum</strong></span> 
     </span>
     <span class='ocr_line' id='line_1_20' title="bbox 94 2087 1013 2174; baseline 0 -20"><span class='ocrx_word' id='word_1_128' title='bbox 94 2087 162 2154; x_wconf 82' lang='lat' dir='ltr'><strong>nihil</strong></span> <span class='ocrx_word' id='word_1_129' title='bbox 176 2089 225 2166; x_wconf 88' lang='lat' dir='ltr'><strong>sit,</strong></span> <span class='ocrx_word' id='word_1_130' title='bbox 251 2091 315 2154; x_wconf 89' lang='lat' dir='ltr'><strong>nisi</strong></span> <span class='ocrx_word' id='word_1_131' title='bbox 329 2091 480 2172; x_wconf 88' lang='lat' dir='ltr'><strong>pericula,</strong></span> <span class='ocrx_word' id='word_1_132' title='bbox 496 2091 645 2170; x_wconf 84' lang='lat' dir='ltr'><strong>gemitus,</strong></span> <span class='ocrx_word' id='word_1_133' title='bbox 667 2091 805 2173; x_wconf 87' lang='lat' dir='ltr'><strong>suspiria</strong></span> <span class='ocrx_word' id='word_1_134' title='bbox 818 2091 1013 2174; x_wconf 86' lang='lat' dir='ltr'><strong>lachrymae,</strong></span> 
     </span>
     <span class='ocr_line' id='line_1_21' title="bbox 95 2177 1015 2260; baseline 0.004 -22"><span class='ocrx_word' id='word_1_135' title='bbox 95 2194 134 2238; x_wconf 72' lang='lat' dir='ltr'><strong>ae‘</strong></span> <span class='ocrx_word' id='word_1_136' title='bbox 148 2177 459 2260; x_wconf 80' lang='lat' dir='ltr'><strong>desperationiideo</strong></span> <span class='ocrx_word' id='word_1_137' title='bbox 489 2180 596 2244; x_wconf 82' lang='lat' dir='ltr'><strong>vicina</strong></span> <span class='ocrx_word' id='word_1_138' title='bbox 629 2181 685 2258; x_wconf 90' lang='grc'>111,</span> <span class='ocrx_word' id='word_1_139' title='bbox 721 2185 832 2242; x_wconf 86' lang='lat' dir='ltr'><strong>tamen</strong></span> <span class='ocrx_word' id='word_1_140' title='bbox 865 2187 951 2242; x_wconf 88' lang='lat' dir='ltr'><strong>certa</strong></span> <span class='ocrx_word' id='word_1_141' title='bbox 985 2181 1015 2243; x_wconf 91' lang='lat' dir='ltr'><strong>ei</strong></span> 
     </span>
     <span class='ocr_line' id='line_1_22' title="bbox 49 2268 1016 2345; baseline 0.005 -15"><span class='ocrx_word' id='word_1_142' title='bbox 49 2277 56 2282; x_wconf 82' lang='grc'><em>“</em></span> <span class='ocrx_word' id='word_1_143' title='bbox 95 2272 170 2345; x_wconf 80' lang='lat' dir='ltr'><strong>parta</strong></span> <span class='ocrx_word' id='word_1_144' title='bbox 191 2274 240 2330; x_wconf 90' lang='grc'><strong>111</strong></span> <span class='ocrx_word' id='word_1_145' title='bbox 261 2268 403 2332; x_wconf 88' lang='lat' dir='ltr'><strong>victoria.</strong></span> <span class='ocrx_word' id='word_1_146' title='bbox 447 2268 617 2342; x_wconf 77' lang='lat' dir='ltr'><strong>Quomodo</strong></span> <span class='ocrx_word' id='word_1_147' title='bbox 640 2271 800 2332; x_wconf 76' lang='lat' dir='ltr'><strong>auteur?</strong></span> <span class='ocrx_word' id='word_1_148' title='bbox 833 2269 930 2332; x_wconf 90' lang='lat' dir='ltr'><strong>Nulla</strong></span> <span class='ocrx_word' id='word_1_149' title='bbox 952 2268 1016 2335; x_wconf 87' lang='lat' dir='ltr'><strong>alia</strong></span> 
     </span>
     <span class='ocr_line' id='line_1_23' title="bbox 94 2354 1013 2438; baseline 0.004 -22"><span class='ocrx_word' id='word_1_150' title='bbox 94 2354 201 2418; x_wconf 85' lang='lat' dir='ltr'><strong>ratione</strong></span> <span class='ocrx_word' id='word_1_151' title='bbox 222 2376 323 2436; x_wconf 89' lang='lat' dir='ltr'><strong>quam</strong></span> <span class='ocrx_word' id='word_1_152' title='bbox 346 2376 422 2419; x_wconf 90' lang='lat' dir='ltr'><strong>cum</strong></span> <span class='ocrx_word' id='word_1_153' title='bbox 443 2356 552 2420; x_wconf 89' lang='lat' dir='ltr'><strong>hostes</strong></span> <span class='ocrx_word' id='word_1_154' title='bbox 575 2357 725 2420; x_wconf 89' lang='lat' dir='ltr'><strong>ecelesiae</strong></span> <span class='ocrx_word' id='word_1_155' title='bbox 745 2358 954 2438; x_wconf 83' lang='lat' dir='ltr'><strong>magnificant</strong></span> <span class='ocrx_word' id='word_1_156' title='bbox 969 2377 1013 2435; x_wconf 90' lang='lat' dir='ltr'><strong>se,</strong></span> 
     </span>
     <span class='ocr_line' id='line_1_24' title="bbox 95 2440 1014 2527; baseline 0.005 -22"><span class='ocrx_word' id='word_1_157' title='bbox 95 2440 226 2508; x_wconf 87' lang='lat' dir='ltr'><strong>dominus</strong></span> <span class='ocrx_word' id='word_1_158' title='bbox 249 2464 379 2525; x_wconf 89' lang='lat' dir='ltr'><strong>quoque</strong></span> <span class='ocrx_word' id='word_1_159' title='bbox 401 2445 473 2509; x_wconf 84' lang='lat' dir='ltr'><strong>vult</strong></span> <span class='ocrx_word' id='word_1_160' title='bbox 487 2446 629 2527; x_wconf 87' lang='lat' dir='ltr'><strong>seipsum</strong></span> <span class='ocrx_word' id='word_1_161' title='bbox 644 2447 859 2526; x_wconf 81' lang='lat' dir='ltr'><strong>magnificare,</strong></span> <span class='ocrx_word' id='word_1_162' title='bbox 884 2467 921 2509; x_wconf 92' lang='lat' dir='ltr'><strong>ac</strong></span> <span class='ocrx_word' id='word_1_163' title='bbox 936 2447 1014 2511; x_wconf 86' lang='lat' dir='ltr'><strong>facit</strong></span> 
     </span>
     <span class='ocr_line' id='line_1_25' title="bbox 94 2529 1015 2614; baseline 0.005 -21"><span class='ocrx_word' id='word_1_164' title='bbox 94 2529 122 2592; x_wconf 88' lang='lat' dir='ltr'><strong>id</strong></span> <span class='ocrx_word' id='word_1_165' title='bbox 136 2551 204 2594; x_wconf 90' lang='lat' dir='ltr'><strong>cum</strong></span> <span class='ocrx_word' id='word_1_166' title='bbox 216 2534 314 2596; x_wconf 88' lang='lat' dir='ltr'><strong>ruina</strong></span> <span class='ocrx_word' id='word_1_167' title='bbox 326 2535 463 2597; x_wconf 91' lang='lat' dir='ltr'><strong>istorum</strong></span> <span class='ocrx_word' id='word_1_168' title='bbox 478 2535 536 2614; x_wconf 89' lang='lat' dir='ltr'><strong>qui</strong></span> <span class='ocrx_word' id='word_1_169' title='bbox 551 2553 700 2598; x_wconf 89' lang='lat' dir='ltr'><strong>successu</strong></span> <span class='ocrx_word' id='word_1_170' title='bbox 715 2535 820 2599; x_wconf 87' lang='lat' dir='ltr'><strong>infiati</strong></span> <span class='ocrx_word' id='word_1_171' title='bbox 835 2542 868 2599; x_wconf 91' lang='lat' dir='ltr'><strong>et</strong></span> <span class='ocrx_word' id='word_1_172' title='bbox 883 2536 1015 2598; x_wconf 87' lang='lat' dir='ltr'><strong>fortuna</strong></span> 
     </span>
     <span class='ocr_line' id='line_1_26' title="bbox 95 2619 1013 2708; baseline 0.007 -28"><span class='ocrx_word' id='word_1_173' title='bbox 95 2619 259 2689; x_wconf 78' lang='grc'>0111111111,</span> <span class='ocrx_word' id='word_1_174' title='bbox 305 2623 450 2687; x_wconf 81' lang='lat' dir='ltr'><strong>Ecclesia</strong></span> <span class='ocrx_word' id='word_1_175' title='bbox 470 2623 569 2702; x_wconf 80' lang='lat' dir='ltr'><strong>igitur</strong></span> <span class='ocrx_word' id='word_1_176' title='bbox 596 2623 637 2686; x_wconf 91' lang='lat' dir='ltr'><strong>de</strong></span> <span class='ocrx_word' id='word_1_177' title='bbox 665 2643 699 2708; x_wconf 82' lang='lat' dir='ltr'><strong>sc</strong></span> <span class='ocrx_word' id='word_1_178' title='bbox 729 2624 903 2704; x_wconf 89' lang='lat' dir='ltr'><strong>desperans</strong></span> <span class='ocrx_word' id='word_1_179' title='bbox 930 2625 1013 2688; x_wconf 89' lang='lat' dir='ltr'><strong>bene</strong></span> 
     </span>
     <span class='ocr_line' id='line_1_27' title="bbox 95 2709 1012 2794; baseline 0.002 -23"><span class='ocrx_word' id='word_1_180' title='bbox 95 2716 182 2789; x_wconf 82' lang='lat' dir='ltr'><strong>speret</strong></span> <span class='ocrx_word' id='word_1_181' title='bbox 201 2709 242 2773; x_wconf 92' lang='lat' dir='ltr'><strong>de</strong></span> <span class='ocrx_word' id='word_1_182' title='bbox 266 2711 421 2788; x_wconf 60' lang='lat' dir='ltr'><strong>domino„</strong></span> <span class='ocrx_word' id='word_1_183' title='bbox 436 2712 493 2791; x_wconf 89' lang='lat' dir='ltr'><strong>qui</strong></span> <span class='ocrx_word' id='word_1_184' title='bbox 522 2718 698 2794; x_wconf 81' lang='lat' dir='ltr'><strong>postquam</strong></span> <span class='ocrx_word' id='word_1_185' title='bbox 725 2713 834 2775; x_wconf 88' lang='lat' dir='ltr'><strong>hostes</strong></span> <span class='ocrx_word' id='word_1_186' title='bbox 862 2712 1012 2775; x_wconf 88' lang='lat' dir='ltr'><strong>ecclesiae</strong></span> 
     </span>
     <span class='ocr_line' id='line_1_28' title="bbox 93 2799 917 2882; baseline -0.001 -19"><span class='ocrx_word' id='word_1_187' title='bbox 93 2799 274 2877; x_wconf 81' lang='lat' dir='ltr'><strong>magnificati</strong></span> <span class='ocrx_word' id='word_1_188' title='bbox 297 2806 382 2876; x_wconf 92' lang='lat' dir='ltr'><strong>sunt,</strong></span> <span class='ocrx_word' id='word_1_189' title='bbox 406 2800 476 2881; x_wconf 89' lang='lat' dir='ltr'><strong>ipse</strong></span> <span class='ocrx_word' id='word_1_190' title='bbox 499 2820 628 2882; x_wconf 90' lang='lat' dir='ltr'><strong>quoque</strong></span> <span class='ocrx_word' id='word_1_191' title='bbox 650 2800 917 2882; x_wconf 83' lang='lat' dir='ltr'><strong>magnificabitur.</strong></span> 
     </span>
    </p>

    <p class='ocr_par' dir='ltr' id='par_1_4' title="bbox 50 2881 1012 3594">
     <span class='ocr_line' id='line_1_29' title="bbox 168 2881 1012 2952; baseline -0.002 -2"><span class='ocrx_word' id='word_1_192' title='bbox 168 2881 420 2952; x_wconf 62' lang='grc' dir='ltr'><strong>ε’Τ11111111111111</strong></span> <span class='ocrx_word' id='word_1_193' title='bbox 439 2895 549 2952; x_wconf 91' lang='lat' dir='ltr'><strong>autem</strong></span> <span class='ocrx_word' id='word_1_194' title='bbox 563 2890 644 2952; x_wconf 92' lang='lat' dir='ltr'><strong>haec</strong></span> <span class='ocrx_word' id='word_1_195' title='bbox 659 2889 833 2952; x_wconf 89' lang='lat' dir='ltr'><strong>consolatio</strong></span> <span class='ocrx_word' id='word_1_196' title='bbox 849 2893 899 2951; x_wconf 91' lang='lat' dir='ltr'><strong>est</strong></span> <span class='ocrx_word' id='word_1_197' title='bbox 913 2887 1012 2950; x_wconf 89' lang='lat' dir='ltr'><strong>etiam</strong></span> 
     </span>
     <span class='ocr_line' id='line_1_30' title="bbox 93 2972 1012 3058; baseline 0.003 -24"><span class='ocrx_word' id='word_1_198' title='bbox 93 2972 126 3034; x_wconf 80' lang='lat' dir='ltr'><strong>ed</strong></span> <span class='ocrx_word' id='word_1_199' title='bbox 143 2976 336 3057; x_wconf 86' lang='lat' dir='ltr'><strong>privatorum</strong></span> <span class='ocrx_word' id='word_1_200' title='bbox 358 2978 509 3058; x_wconf 88' lang='lat' dir='ltr'><strong>pericula.</strong></span> <span class='ocrx_word' id='word_1_201' title='bbox 554 2979 676 3042; x_wconf 90' lang='lat' dir='ltr'><strong>Notum</strong></span> <span class='ocrx_word' id='word_1_202' title='bbox 699 2984 747 3041; x_wconf 88' lang='lat' dir='ltr'><strong>est</strong></span> <span class='ocrx_word' id='word_1_203' title='bbox 766 2976 845 3057; x_wconf 86' lang='lat' dir='ltr'><strong>quid</strong></span> <span class='ocrx_word' id='word_1_204' title='bbox 860 2975 1012 3038; x_wconf 89' lang='lat' dir='ltr'><strong>dominus</strong></span> 
     </span>
     <span class='ocr_line' id='line_1_31' title="bbox 93 3061 1011 3147; baseline 0.003 -24"><span class='ocrx_word' id='word_1_205' title='bbox 93 3061 172 3128; x_wconf 87' lang='lat' dir='ltr'><strong>Paulo</strong></span> <span class='ocrx_word' id='word_1_206' title='bbox 186 3062 417 3147; x_wconf 81' lang='lat' dir='ltr'><strong>responderit.4</strong></span> <span class='ocrx_word' id='word_1_207' title='bbox 454 3066 581 3130; x_wconf 82' lang='lat' dir='ltr'><strong>Sufficit</strong></span> <span class='ocrx_word' id='word_1_208' title='bbox 595 3067 656 3130; x_wconf 90' lang='lat' dir='ltr'><strong>tibi</strong></span> <span class='ocrx_word' id='word_1_209' title='bbox 671 3067 772 3146; x_wconf 88' lang='lat' dir='ltr'><strong>gratia</strong></span> <span class='ocrx_word' id='word_1_210' title='bbox 786 3084 868 3128; x_wconf 88' lang='lat' dir='ltr'><strong>mea.</strong></span> <span class='ocrx_word' id='word_1_211' title='bbox 901 3064 1011 3127; x_wconf 88' lang='lat' dir='ltr'><strong>Virtus</strong></span> 
     </span>
     <span class='ocr_line' id='line_1_32' title="bbox 92 3153 1012 3238; baseline 0.005 -25"><span class='ocrx_word' id='word_1_212' title='bbox 92 3170 151 3215; x_wconf 88' lang='lat' dir='ltr'><strong>mea</strong></span> <span class='ocrx_word' id='word_1_213' title='bbox 173 3155 209 3218; x_wconf 89' lang='lat' dir='ltr'><strong>in</strong></span> <span class='ocrx_word' id='word_1_214' title='bbox 238 3155 425 3219; x_wconf 84' lang='lat' dir='ltr'><strong>infirmitate</strong></span> <span class='ocrx_word' id='word_1_215' title='bbox 453 3156 625 3238; x_wconf 85' lang='lat' dir='ltr'><strong>perficitur.</strong></span> <span class='ocrx_word' id='word_1_216' title='bbox 672 3155 753 3216; x_wconf 79' lang='lat' dir='ltr'><strong>Cum</strong></span> <span class='ocrx_word' id='word_1_217' title='bbox 783 3153 881 3234; x_wconf 84' lang='lat' dir='ltr'><strong>igitur</strong></span> <span class='ocrx_word' id='word_1_218' title='bbox 911 3153 1012 3218; x_wconf 86' lang='lat' dir='ltr'><strong>sentis</strong></span> 
     </span>
     <span class='ocr_line' id='line_1_33' title="bbox 93 3243 1011 3324; baseline 0.002 -20"><span class='ocrx_word' id='word_1_219' title='bbox 93 3245 165 3304; x_wconf 80' lang='lat' dir='ltr'><strong>tuam</strong></span> <span class='ocrx_word' id='word_1_220' title='bbox 191 3243 429 3321; x_wconf 78' lang='lat' dir='ltr'><strong>infirmitatem,</strong></span> <span class='ocrx_word' id='word_1_221' title='bbox 461 3265 503 3308; x_wconf 88' lang='lat' dir='ltr'><strong>ue</strong></span> <span class='ocrx_word' id='word_1_222' title='bbox 532 3244 609 3307; x_wconf 90' lang='lat' dir='ltr'><strong>ideo</strong></span> <span class='ocrx_word' id='word_1_223' title='bbox 634 3244 796 3324; x_wconf 88' lang='lat' dir='ltr'><strong>desperes,</strong></span> <span class='ocrx_word' id='word_1_224' title='bbox 830 3243 949 3306; x_wconf 84' lang='lat' dir='ltr'><strong>excites</strong></span> <span class='ocrx_word' id='word_1_225' title='bbox 978 3248 1011 3306; x_wconf 88' lang='lat' dir='ltr'><strong>te</strong></span> 
     </span>
     <span class='ocr_line' id='line_1_34' title="bbox 50 3330 1011 3414; baseline 0 -20"><span class='ocrx_word' id='word_1_226' title='bbox 50 3374 56 3378; x_wconf 94' lang='lat'>-</span> <span class='ocrx_word' id='word_1_227' title='bbox 92 3330 182 3407; x_wconf 82' lang='lat' dir='ltr'><strong>potius</strong></span> <span class='ocrx_word' id='word_1_228' title='bbox 207 3333 245 3396; x_wconf 87' lang='lat' dir='ltr'><strong>in</strong></span> <span class='ocrx_word' id='word_1_229' title='bbox 278 3353 386 3414; x_wconf 89' lang='lat' dir='ltr'><strong>spem,</strong></span> <span class='ocrx_word' id='word_1_230' title='bbox 421 3333 569 3396; x_wconf 88' lang='lat' dir='ltr'><strong>futurum</strong></span> <span class='ocrx_word' id='word_1_231' title='bbox 602 3339 640 3396; x_wconf 90' lang='lat' dir='ltr'><strong>ut</strong></span> <span class='ocrx_word' id='word_1_232' title='bbox 673 3331 824 3395; x_wconf 88' lang='lat' dir='ltr'><strong>dominus</strong></span> <span class='ocrx_word' id='word_1_233' title='bbox 857 3332 1011 3396; x_wconf 85' lang='lat' dir='ltr'><strong>virtutem</strong></span> 
     </span>
     <span class='ocr_line' id='line_1_35' title="bbox 93 3421 1012 3502; baseline 0.003 -20"><span class='ocrx_word' id='word_1_234' title='bbox 93 3437 96 3475; x_wconf 81' lang='grc'><strong>1</strong></span> <span class='ocrx_word' id='word_1_235' title='bbox 151 3441 167 3482; x_wconf 90' lang='grc'>0</span> <span class='ocrx_word' id='word_1_236' title='bbox 188 3428 335 3485; x_wconf 82' lang='lat' dir='ltr'><strong>exerceat</strong></span> <span class='ocrx_word' id='word_1_237' title='bbox 357 3421 519 3502; x_wconf 89' lang='lat' dir='ltr'><strong>siquidem</strong></span> <span class='ocrx_word' id='word_1_238' title='bbox 540 3428 599 3485; x_wconf 87' lang='grc'>1111</span> <span class='ocrx_word' id='word_1_239' title='bbox 619 3423 720 3486; x_wconf 84' lang='lat' dir='ltr'><strong>virtus</strong></span> <span class='ocrx_word' id='word_1_240' title='bbox 743 3424 847 3484; x_wconf 90' lang='lat' dir='ltr'><strong>cessat</strong></span> <span class='ocrx_word' id='word_1_241' title='bbox 861 3427 894 3486; x_wconf 94' lang='lat' dir='ltr'><strong>et</strong></span> <span class='ocrx_word' id='word_1_242' title='bbox 908 3421 1012 3485; x_wconf 87' lang='lat' dir='ltr'><strong>fracta</strong></span> 
     </span>
     <span class='ocr_line' id='line_1_36' title="bbox 91 3505 1009 3594; baseline 0 -22"><span class='ocrx_word' id='word_1_243' title='bbox 91 3505 96 3564; x_wconf 72' lang='grc' dir='ltr'><em>ἕ</em></span> <span class='ocrx_word' id='word_1_244' title='bbox 151 3531 164 3562; x_wconf 76' lang='grc'><strong>·.</strong></span> <span class='ocrx_word' id='word_1_245' title='bbox 210 3511 271 3573; x_wconf 83' lang='lat' dir='ltr'><strong>Est</strong></span> <span class='ocrx_word' id='word_1_246' title='bbox 293 3510 381 3572; x_wconf 90' lang='lat' dir='ltr'><strong>enim</strong></span> <span class='ocrx_word' id='word_1_247' title='bbox 403 3511 530 3576; x_wconf 89' lang='lat' dir='ltr'><strong>adiutor</strong></span> <span class='ocrx_word' id='word_1_248' title='bbox 551 3511 587 3573; x_wconf 93' lang='lat' dir='ltr'><strong>in</strong></span> <span class='ocrx_word' id='word_1_249' title='bbox 602 3509 851 3594; x_wconf 85' lang='lat' dir='ltr'><strong>opportunitate,</strong></span> <span class='ocrx_word' id='word_1_250' title='bbox 875 3511 935 3572; x_wconf 92' lang='lat' dir='ltr'><strong>hoc</strong></span> <span class='ocrx_word' id='word_1_251' title='bbox 951 3517 1009 3584; x_wconf 91' lang='lat' dir='ltr'><strong>est,</strong></span> 
     </span>
    </p>
   </div>
   <div class='ocr_carea' id='block_1_3' title="bbox 91 3717 1009 3864">
    <p class='ocr_par' dir='ltr' id='par_1_5' title="bbox 91 3717 1009 3864">
     <span class='ocr_line' id='line_1_37' title="bbox 172 3717 1009 3789; baseline -0.007 -16"><span class='ocrx_word' id='word_1_252' title='bbox 172 3717 184 3786; x_wconf 91' lang='lat'><em>)</em></span> <span class='ocrx_word' id='word_1_253' title='bbox 196 3719 351 3774; x_wconf 84' lang='lat' dir='ltr'><strong>Successus</strong></span> <span class='ocrx_word' id='word_1_254' title='bbox 363 3719 467 3775; x_wconf 88' lang='lat' dir='ltr'><strong>evertit</strong></span> <span class='ocrx_word' id='word_1_255' title='bbox 477 3719 591 3789; x_wconf 84' lang='lat' dir='ltr'><strong>impios.</strong></span> <span class='ocrx_word' id='word_1_256' title='bbox 612 3719 640 3787; x_wconf 80' lang='lat'><strong>2)</strong></span> <span class='ocrx_word' id='word_1_257' title='bbox 654 3718 782 3774; x_wconf 85' lang='lat' dir='ltr'><strong>Ecclesia</strong></span> <span class='ocrx_word' id='word_1_258' title='bbox 794 3718 901 3772; x_wconf 86' lang='lat' dir='ltr'><strong>afflicta</strong></span> <span class='ocrx_word' id='word_1_259' title='bbox 912 3717 1009 3769; x_wconf 89' lang='lat' dir='ltr'><strong>trium-</strong></span> 
     </span>
     <span class='ocr_line' id='line_1_38' title="bbox 91 3786 1009 3864; baseline -0.013 -12"><span class='ocrx_word' id='word_1_260' title='bbox 91 3801 96 3852; x_wconf 86' lang='lat'>]</span> <span class='ocrx_word' id='word_1_261' title='bbox 187 3789 215 3859; x_wconf 87' lang='lat'><strong>3)</strong></span> <span class='ocrx_word' id='word_1_262' title='bbox 236 3789 455 3864; x_wconf 76' lang='lat' dir='ltr'><strong>Consolationes</strong></span> <span class='ocrx_word' id='word_1_263' title='bbox 472 3791 657 3858; x_wconf 86' lang='lat' dir='ltr'><strong>privatorum.</strong></span> <span class='ocrx_word' id='word_1_264' title='bbox 695 3788 723 3856; x_wconf 88' lang='grc'><strong>4)</strong></span> <span class='ocrx_word' id='word_1_265' title='bbox 742 3791 817 3843; x_wconf 73' lang='lat' dir='ltr'><strong>Iera:</strong></span> <span class='ocrx_word' id='word_1_266' title='bbox 841 3787 866 3841; x_wconf 76' lang='lat'><strong>2.</strong></span> <span class='ocrx_word' id='word_1_267' title='bbox 888 3786 950 3842; x_wconf 81' lang='grc'>001.</span> <span class='ocrx_word' id='word_1_268' title='bbox 966 3786 1009 3840; x_wconf 79' lang='lat'><strong>12.</strong></span> 
     </span>
    </p>
   </div>
   <div class='ocr_carea' id='block_1_4' title="bbox 0 0 1296 4267">
    <p class='ocr_par' dir='ltr' id='par_1_6' title="bbox 0 0 1296 4267">
     <span class='ocr_line' id='line_1_39' title="bbox 0 0 1296 4267; baseline 0 1"><span class='ocrx_word' id='word_1_269' title='bbox 0 0 1296 4267; x_wconf 95' lang='lat' dir='ltr'><strong> </strong></span> 
     </span>
    </p>
   </div>
  </div>
 </body>
</html>
