2584 4267
204 313 268 377 404
517 309 621 390 Caput
644 308 824 406 secundum
898 284 903 294 ’

203 493 281 571 quia
303 494 414 552 contra
437 486 669 550 conscientiam
691 491 840 566 egerunt,
870 505 948 548 nam
978 506 1052 548 vero
1083 486 1150 550 deo

202 580 290 642 hunc
313 577 438 656 cultum
460 596 494 656 se
522 575 703 638 instituisse
732 573 909 655 putabant,
941 594 1008 636 non
1024 575 1147 652 idolis,

203 673 237 731 et
258 684 332 747 ergo
356 687 376 728 a
399 664 596 728 conscicntia
617 663 741 725 iudicat
763 681 817 725 eos
846 659 1038 744 propheta*
1068 684 1146 726 nam

203 763 241 819 ut
262 756 405 818 maxime
428 772 522 818 verus
545 752 598 815 dei
620 752 727 814 cultus
755 768 823 813 non
856 751 963 828 fuerit,
999 758 1038 814 ut
1070 759 1149 833 pote

204 846 273 908 sinc
296 844 393 907 verbo
415 841 468 904 dei
490 842 591 904 immo
606 846 718 904 contra
732 839 868 903 verbum
883 839 936 902 dei
950 840 1146 917 instistutus‚

204 941 236 997 et
258 953 332 997 vero
355 932 416 994 deo
447 950 514 992 non
540 929 722 1004 servierint,
752 934 863 990 tamen
892 929 1149 1010 reprehendente

204 1042 258 1084 eos
290 1041 349 1084 sua
377 1019 588 1094 conscicntia,
625 1021 803 1097 arguuntur
836 1017 1022 1099 impietatis.
1068 1018 1150 1080 Ideo

206 1111 364 1192 propheta
386 1108 466 1171 dicit

517 1267 557 1328 In
580 1265 678 1328 domo
700 1264 754 1328 dei
776 1266 837 1342 sui,

205 1396 236 1456 q.
261 1374 310 1436 d.:
336 1395 403 1437 non
425 1374 489 1436 fuit
510 1390 603 1436 verus
626 1370 717 1447 deus,
748 1391 808 1434 nec
836 1390 912 1436 vera
939 1371 1055 1435 domus
1082 1372 1148 1448 dci,

204 1470 238 1526 et
260 1469 370 1525 tamen
393 1462 470 1542 quie
492 1464 649 1542 putarunt
672 1480 706 1522 sc
721 1479 796 1523 vero
816 1459 878 1523 deo
892 1461 1009 1527 servire
1024 1468 1057 1523 et
1079 1482 1151 1524 non

205 1552 351 1614 fecerunt
383 1551 484 1632 impie
518 1554 662 1628 egerunt.
709 1548 793 1629 Ergo
828 1554 897 1612 tam
929 1549 1069 1631 impium
1098 1556 1151 1613 est

205 1640 294 1720 quod
317 1640 363 1703 sic
386 1640 510 1703 cultum
532 1638 626 1699 illum
649 1637 868 1718 neglexerunt,
901 1657 1000 1718 quam
1022 1638 1051 1700 si
1073 1658 1150 1700 vero

206 1730 267 1792 deo
290 1728 521 1812 exhibuissent.
553 1725 690 1788 Perinde
705 1733 755 1790 est
770 1746 807 1788 ac
823 1726 850 1788 si
866 1726 907 1789 de
922 1727 1039 1790 nostris
1054 1727 1149 1790 sacri-

295 1903 322 1970 ·)
339 1903 448 1956 nors.

207 2068 253 2118 est
270 2067 462 2129 contemnere,
482 2066 511 2116 et
529 2061 668 2114 damnare
680 2059 778 2113 omnia
789 2058 879 2128 Idola,
898 2063 928 2113 et
941 2060 1035 2115 cultus
1047 2076 1151 2116 omnes
1170 2063 1174 2070 “

207 2135 407 2188 idololatricos.
445 2134 484 2186 Et
501 2133 572 2185 haec
591 2131 656 2198 ipsa
667 2130 814 2184 Idolorum
832 2131 981 2187 damnatio
996 2132 1152 2200 proficisci·

206 2210 254 2258 tur
271 2205 429 2258 extimare
447 2207 476 2257 et
494 2218 590 2255 amore
608 2201 670 2255 veri
687 2201 734 2254 dei
752 2205 782 2254 et
799 2216 884 2256 verae
901 2202 1064 2271 religionis,
1089 2219 1152 2256 non

207 2293 244 2328 ex
271 2279 447 2342 contemptu,
475 2289 513 2326 ex
539 2288 597 2339 quo
624 2271 755 2326 oriuntur
782 2273 861 2339 apud
887 2277 988 2338 gentes
1014 2274 1152 2342 periuria,

208 2361 355 2400 sacrorum
379 2345 531 2410 gentilium
558 2343 706 2408 neglectus
733 2345 763 2396 et
786 2343 901 2396 similia.
946 2344 1036 2398 Recte
1062 2345 1153 2411 igitur

207 2415 351 2482 propheta
368 2414 488 2468 damnat
504 2413 767 2480 prophanationem
784 2413 873 2467 etiarn
890 2415 1022 2468 damnati
1039 2416 1151 2484 templi,

208 2487 240 2538 in
258 2501 316 2552 quo
334 2484 505 2540 idololatrici
528 2483 623 2537 cultus
646 2488 676 2538 et
701 2484 843 2539 divinitus
867 2484 1015 2555 prohibiti,
1041 2501 1152 2540 exerce

208 2556 321 2610 bantur.
359 2555 424 2610 Non
442 2555 519 2623 quod
536 2554 607 2609 velit
624 2555 767 2622 templum
786 2558 886 2609 contra
903 2556 1034 2611 divinam
1053 2557 1153 2611 volun-

208 2631 298 2681 tatem
316 2627 483 2682 institutum
502 2629 601 2679 sancte
620 2625 683 2693 ccli,
702 2629 732 2678 et
749 2626 840 2693 impia
858 2627 998 2680 sacrificia
1014 2628 1152 2695 exerceri,

210 2698 261 2752 sed
285 2699 362 2766 quod
388 2697 462 2752 nolit
488 2701 552 2750 tum
578 2697 729 2764 templum,
757 2700 822 2750 tum
848 2699 944 2751 cultus
962 2698 1027 2752 illos
1045 2699 1153 2766 impios

210 2770 364 2838 contemni,
392 2785 429 2822 ex
459 2768 550 2836 impia
568 2768 694 2834 quedam
718 2767 809 2820 enimi
834 2769 1009 2835 negligentia
1026 2774 1057 2823 et
1074 2785 1153 2824 secu-

209 2841 302 2909 ritate,
322 2856 379 2910 qua
397 2856 456 2893 non
474 2843 535 2892 tam
553 2839 604 2892 illa
621 2837 719 2908 impia,
743 2855 831 2907 quam
856 2856 958 2895 verum
975 2840 1070 2894 Deum
1088 2856 1154 2894 con·

209 2910 385 2965 temnebant.
422 2910 468 2964 Sic
486 2910 572 2964 hodie
590 2910 668 2978 apud
693 2926 747 2965 nos
765 2911 872 2965 Missas
890 2910 1049 2973 debemusi
1066 2911 1154 2984 negli-

209 2998 274 3049 gere
301 2985 331 3036 et
357 2981 496 3034 damnare
522 2995 641 3049 omnes,
676 2982 726 3049 qui
757 2983 892 3037 novimus
919 2997 1010 3035 unum
1037 2985 1155 3035 tantum

211 3053 384 3106 sacrificium
411 3067 489 3120 esse,
517 3067 574 3118 quo
601 3057 802 3106 consummata
829 3053 890 3107 sint
907 3053 1018 3123 omnia,
1038 3069 1154 3121 nempe,

212 3123 360 3177 Christum
378 3122 553 3190 pendentem
572 3122 604 3175 in
623 3138 707 3176 cruce
718 3139 770 3191 pro
782 3125 908 3190 peccatis
921 3125 1036 3180 nostris.
1065 3125 1154 3177 Sacri-

211 3193 313 3247 ficulus
340 3197 438 3247 autem
465 3193 642 3261 Papisticus,
678 3194 729 3261 qui
761 3194 838 3248 hanc
873 3195 1066 3262 cognitionem
1093 3211 1156 3248 non

211 3263 307 3330 hebet,
335 3268 487 3317 ettamen
515 3264 603 3331 impie
631 3263 759 3318 abutitur
776 3265 875 3335 Missa,
904 3267 981 3333 quod
1008 3282 1073 3320 eam
1099 3282 1155 3333 pro

211 3338 315 3400 questu
333 3335 489 3403 prostituit,
515 3339 545 3388 et
563 3335 702 3400 singulari
720 3335 837 3390 levitate
854 3340 967 3405 tractat,
986 3337 1017 3390 in
1035 3353 1069 3391 eo
1088 3337 1155 3404 ipso

211 3409 326 3473 peccat,
355 3407 432 3473 quod
458 3407 581 3474 impium
608 3421 681 3473 opus
705 3421 764 3460 non
786 3407 894 3461 maiore
912 3407 1020 3474 pietate
1038 3412 1129 3461 tracte

212 3476 280 3544 quia
307 3477 377 3530 facit
402 3478 458 3530 hoc
485 3493 523 3530 ex
550 3477 688 3542 singulari
715 3480 882 3544 contemptu
901 3478 948 3530 dei
965 3481 996 3531 et
1022 3479 1138 3532 omniun

212 3548 389 3614 religionum.
426 3548 501 3614 Ego
519 3550 638 3601 autem
657 3547 901 3603 exterminavi
919 3564 982 3615 sqq.

302 3706 330 3774 i)
349 3709 421 3762 Ien.:
447 3707 603 3760 Missarum
622 3708 806 3774 contemptus
825 3707 856 3761 in
874 3708 973 3775 impiis
991 3713 1129 3775 peccatur

212 3775 243 3827 in
262 3777 320 3842 piis
340 3781 445 3831 contra,
483 3777 587 3831 tuiti:
606 3777 714 3831 Missae
733 3779 899 3846 papisticoe.
