2584 4267
40 353 44 433 L
384 290 507 353 Johelis
530 292 713 371 prophetae.
977 294 1018 359 77

40 434 44 514 1
95 466 214 530 tandem
239 486 306 529 non
332 462 588 546 perseverante&
614 475 762 533 secutum
789 475 837 533 est
860 469 1019 533 iudicium

94 555 149 632 dei,
171 555 254 637 quod
276 555 332 619 hic
355 556 404 617 111
424 561 492 618 erat
514 557 739 621 comminatus

348 714 388 778 In
410 719 478 778 toto
501 714 594 778 corde
618 712 753 779 vestro*

99 898 103 904 .
142 891 146 897 φ
171 822 382 884 Hebraismus
406 826 462 897 est,
487 820 606 885 idest:
631 822 824 899 totocorde,
849 816 903 885 ins
931 825 1019 886 euim

96 910 233 972 abundat.
279 910 406 971 Diserte
433 910 493 971 ait:
528 914 596 973 toto
623 908 730 987 corde,
759 931 825 975 non
847 912 933 989 ficte,
963 912 1020 977 sed

95 1018 170 1074 vere,
197 998 266 1060 sine
294 999 386 1061 omni
412 999 584 1079 hypocrisi.
605 1003 609 1011 '
631 1000 749 1081 Tangit
775 1001 899 1081 egregie
921 1002 1018 1081 hypo·

94 1086 179 1147 crisin
195 1091 226 1150 et
245 1087 396 1149 servilem
411 1087 507 1149 illum
526 1087 793 1167 hypocritarum†
808 1090 933 1151 cultum
953 1089 1016 1167 dei,

95 1174 199 1254 dequo
214 1180 263 1237 est
278 1181 312 1237 et
326 1176 361 1237 in
375 1175 502 1255 psalmo
517 1175 739 1255 LXXVIIssb:
764 1177 847 1240 Cum
862 1178 1019 1261 occideret

95 1267 139 1325 eos
169 1264 365 1343 quaerebant
398 1284 474 1325 eum
502 1273 538 1326 11
570 1266 811 1341 revertebantur
841 1271 900 1329 etc.
958 1266 1018 1328 Cor

49 1415 53 1426 ,
94 1356 189 1413 autom
204 1371 316 1414 eorum
335 1372 402 1414 non
412 1349 515 1415 *ierat
533 1358 657 1414 rectum
673 1374 748 1415 cum
768 1374 805 1415 eo
821 1360 878 1418 etc.
913 1354 1016 1417 Simu·

95 1438 154 1502 lant
173 1442 260 1503 enim
282 1442 469 1521 hypocritae
491 1447 635 1520 tempore
657 1442 888 1531 persecutionis
911 1443 1016 1523 poeni·

94 1529 224 1606 tentiam,
248 1528 306 1592 sed
327 1549 394 1591 non
415 1535 500 1592 recto
523 1528 616 1591 corde
639 1535 696 1592 aut
717 1524 870 1610 integr0.³

133 1702 195 1826 Χῦ)
206 1689 383 1827 §graecisque
396 1702 459 1774 (sie)
476 1702 686 1771 poenitentiam
697 1704 824 1772 requirit.
853 1706 898 1773 **)
910 1704 1017 1773 Incipit

92 1788 119 1841 p.
183 1814 189 1826 .
283 1791 302 1827 1.

170 1966 195 2035 1)
213 1966 375 2021 obediente.
411 1967 439 2035 2)
457 1968 565 2022 Mirum
586 1968 619 2023 in
636 1968 754 2023 modum
776 1968 865 2022 editio
883 1968 921 2023 ad
938 1984 1020 2025 voca*

92 2034 180 2089 bulum
201 2036 295 2105 ‚enim‘
321 2037 538 2094 adnotationem
559 2038 653 2093 addit:
689 2054 764 2107 eum,
791 2040 875 2107 quasi
897 2040 1018 2095 alteram

91 2104 238 2176 tetdonem,
265 2108 317 2162 sed
346 2108 418 2162 satis
446 2110 542 2164 stulte.
586 2108 797 2163 dbbreviatura
826 2110 895 2165 libri
920 2126 1017 2165 manu·

94 2178 180 2244 scripti
195 2178 297 2232 eadem
314 2183 360 2233 111
377 2183 463 2246 atquc
480 2180 513 2232 in
530 2183 647 2234 centum
669 2179 734 2233 aliis
755 2180 834 2250 locis,
852 2178 903 2236 ubi
923 2178 1017 2249 ,enim‘

94 2246 231 2313 legandum
252 2253 307 2304 est.
348 2247 440 2318 ‚Eum‘
463 2265 582 2304 sensum
606 2265 723 2304 omnem
746 2250 828 2319 fugit
869 2252 897 2320 3)
920 2251 1018 2305 Editio

95 2317 175 2372 addit:
200 2320 372 2387 Quanquam
388 2323 486 2374 autem
496 2326 598 2389 postca
610 2321 738 2375 excludit
749 2323 935 2391 hypocrisim,
952 2337 1017 2377 cum

95 2386 166 2442 dicit:
194 2388 321 2453 Scindite
339 2406 399 2445 non
416 2390 592 2461 vestes‚sed
610 2391 704 2461 corda,
722 2396 820 2447 tamen
837 2393 885 2447 hic
904 2408 1017 2461 quoque

95 2458 155 2513 clare
182 2460 260 2514 idem
289 2460 378 2517 iubet.
420 2460 499 2515 Dicit
527 2462 669 2531 primum:
706 2464 920 2533 convertimini,
950 2480 1017 2531 ergo

95 2530 198 2597 requirit
209 2531 437 2598 novitatemtffi
455 2532 690 2599 1111011111
711 2534 775 2593 Hoc
787 2550 945 2603 pronomen
957 2549 1017 2587 non

96 2605 191 2673 partem
218 2602 346 2670 aliquam
372 2602 513 2672 hominis,
535 2608 586 2658 aut
608 2610 729 2659 externa
750 2606 908 2675 corporalia
930 2619 1017 2673 opera

97 2672 144 2725 ut
159 2672 278 2741 mutari,
296 2672 348 2727 sed
365 2678 460 2727 totum
477 2675 638 2744 hominem,
657 2680 690 2729 ut
707 2675 828 2745 incipiat
846 2675 1017 2743 sibidispli·

96 2753 154 2811 oerc,
171 2747 201 2796 11
218 2742 316 2797 odisse
339 2749 502 2818 peceatum,
526 2745 631 2800 deinde
649 2747 792 2814 concipiat
810 2762 892 2815 spem
909 2746 1017 2799 miseri·

95 2812 198 2890 cordiae,
217 2817 247 2867 11
264 2813 362 2868 credat
379 2814 466 2869 deum
483 2813 573 2882 gratis
590 2820 709 2885 propter
725 2814 900 2885 promissum
918 2831 1017 2869 semen

97 2887 252 2946 moturum.
288 2884 367 2939 Sicut
384 2885 433 2939 hic
450 2902 511 2939 non
528 2888 640 2955 merita,
658 2902 718 2941 non
741 2900 829 2955 opera
846 2900 949 2953 aspera
966 2888 1017 2938 aut

96 2955 182 3010 acrba
198 2956 345 3025 proponit,
361 2956 394 3009 in
411 2971 486 3024 quae
504 2957 690 3026 confidamus,
709 2956 760 3011 scd
777 2960 892 3011 tantum
909 2956 1017 3010 11111111-
1060 3010 1064 3015 ,

96 3025 205 3078 cordiam
222 3030 253 3079 11
270 3026 455 3089 clementiam
470 3028 535 3098 Dei,
552 3045 640 3095 quam
658 3030 690 3083 in
707 3029 795 3085 verbo
812 3032 842 3081 et
854 3026 1017 3097 promissio

97 3091 164 3149 nibus
182 3096 243 3150 suis
262 3097 347 3151 nobis
368 3099 526 3168 proposuit.
563 3100 602 3153 Et
623 3099 747 3167 insignis
765 3099 858 3168 locus,
876 3114 933 3167 quo
951 3114 1017 3153 oum

97 3164 304 3233 papistaeitffi
328 3170 507 3237 promerito
531 3186 652 3239 operum
676 3174 809 3238 utuntur,
831 3184 891 3236 non
907 3168 1017 3237 vident,

99 3241 164 3299 quam
190 3242 323 3306 pugnent
348 3240 446 3293 omnia
472 3244 573 3294 contra
597 3241 702 3294 merita
727 3244 757 3295 11
783 3254 877 3309 opera.
918 3240 1018 3307 Exigit

100 3306 156 3381 euim
172 3324 274 3364 veram
290 3310 509 3378 poenitentiam,
527 3325 602 3378 quac
619 3326 679 3365 non
697 3313 742 3365 est
760 3311 792 3364 in
809 3312 948 3365 ebrietate
967 3315 1018 3365 aut
1060 3370 1061 3373 Ἴ

168 3379 220 3433 sed
235 3379 269 3432 in
281 3381 361 3449 fictu,
372 3381 537 3450 lachrymis,
548 3381 657 3438 ieiunio
668 3385 721 3437 eto
748 3383 787 3435 Et
798 3386 897 3435 tamon
908 3382 1018 3438 nudam

155 3447 305 3505 deordiam
315 3452 462 3520 proponit,
477 3452 510 3505 in
527 3466 586 3519 qua
597 3457 724 3521 sperent,
741 3458 771 3506 et
789 3452 878 3519 gratis
891 3469 922 3507 se
940 3454 1018 3522 igno·

155 3538 175 3573 11
191 3522 346 3589 promittit.
401 3549 408 3557 r
659 3558 663 3568 ·
1010 3566 1011 3571 η

165 3698 195 3766 1)
213 3694 308 3751 Taxat
318 3697 495 3766 hypocrisin.
519 3699 568 3764 ††)
585 3695 718 3753 111111.
748 3701 903 3770 1-1-1)11111
920 3697 1016 3767 paeni·

212 3768 299 3837 1-1-1-1)
317 3770 385 3823 Vos.
420 3769 523 3837 †††t†)
541 3770 726 3838 Papistarum
743 3772 872 3825 caecitas.
1111 3788 1113 3791 ·
