2584 4267
219 277 283 340 296
559 273 668 356 Caput
690 273 821 338 tertium

218 475 288 536 cap.
315 448 375 516 12¹
401 451 525 533 inquit,
556 451 712 515 haurietis
741 470 841 532 aquas
871 470 947 514 cnm
975 450 1102 532 gaudio
1127 449 1172 514 de
1246 405 1255 416 ⁸

218 542 364 607 fontibus
401 541 524 606 salutis.
581 541 656 604 Non
690 539 838 604 nominat
874 541 981 602 unum
1015 540 1172 622 aliquem

218 632 356 707 fontem,
385 630 470 695 sicut
491 630 559 694 Ioel
579 629 642 693 boe
664 629 701 692 in
728 629 814 706 loco,
845 629 903 710 qui
932 629 993 694 etsi
1022 628 1065 692 de
1099 649 1171 694 uno

218 721 308 784 fonte
341 719 493 801 loquitur,
532 725 643 783 tamen
680 717 760 782 dicit
797 722 889 782 extra
925 718 1093 800 templum
1132 719 1171 782 in

217 809 327 874 Sittim
355 828 458 888 usque
495 813 736 883 emanaturum,
770 805 819 870 ita
846 813 884 870 ut
921 807 1019 874 unius
1061 807 1169 872 fontis

218 917 322 978 aquae
343 896 380 960 in
400 896 615 977 longinquam
636 896 801 976 regionem
830 895 1023 960 deriventur.
1073 895 1170 960 Sicut

217 987 316 1067 igitur
346 985 534 1049 Zachariam
562 991 595 1050 et
621 985 754 1050 Esaiam
783 983 824 1048 de
855 990 965 1048 sancto
995 985 1170 1066 baptismo

217 1075 308 1156 loqui
335 1074 473 1139 dubium
503 1095 570 1137 non
600 1080 662 1138 est:
692 1073 743 1138 lta
771 1073 892 1136 Ioelem
922 1093 1053 1154 quoque
1084 1073 1170 1155 quid

217 1164 368 1246 prohibet
395 1164 438 1227 ad
460 1164 662 1246 baptismum
687 1162 909 1239 accomodare,
937 1182 1014 1226 oum
1043 1161 1170 1228 diserte
1253 1205 1262 1216 „

217 1254 259 1316 de
287 1254 377 1317 fonte
407 1254 443 1317 in
470 1252 596 1316 domini
622 1252 721 1317 domo
754 1251 927 1332 loquatur?
971 1253 1062 1316 Fons
1098 1272 1171 1316 non

217 1341 344 1419 dicitur,
368 1341 427 1404 ubi
449 1342 540 1406 nulla
561 1347 610 1406 est
632 1361 726 1422 aqua.
769 1340 810 1403 In
831 1340 894 1404 hoc
916 1345 1026 1404 autem
1050 1347 1169 1405 monte
1261 1416 1265 1424 ,

217 1451 285 1494 non
307 1431 447 1512 simplex
469 1449 554 1510 aqua
575 1436 640 1507 est,
665 1430 722 1494 sed
746 1448 831 1510 aqua
852 1428 994 1506 domini,
1017 1449 1103 1494 nam
1124 1450 1170 1494 ex

217 1519 344 1582 domini
372 1518 470 1582 domo
499 1519 641 1583 scaturit.
687 1519 777 1583 Sicut
806 1523 915 1582 autem
948 1537 1054 1600 aquae
1091 1519 1167 1583 sirn-

217 1607 327 1689 pliois,
357 1626 416 1670 seu
445 1608 602 1673 natmalis‘
628 1609 801 1690 multiplex
823 1614 872 1672 est
900 1627 994 1686 usus,
1025 1607 1166 1685 bibitur,

217 1697 301 1777 rigat
334 1703 367 1760 et
400 1697 575 1761 foecundat
608 1697 699 1761 arida
726 1697 812 1774 loca,
848 1696 996 1760 sordibus
1029 1717 1167 1779 quoque

218 1784 387 1850 abluendis
410 1786 597 1868 aptissimus
620 1791 684 1850 est:
708 1787 759 1850 Ita
781 1805 870 1850 sacer
888 1786 1074 1867 baptismus
1098 1787 1167 1850 ani·

218 1895 308 1938 marn
329 1895 499 1940 emensam
520 1876 575 1940 siti
598 1875 718 1955 gratiae
741 1881 841 1956 potat.
889 1875 948 1938 Est
974 1875 1065 1938 enim
1089 1876 1166 1939 fons

217 1964 340 2042 salutis,
365 1984 463 2045 quem
484 1965 543 2045 qui
564 1964 691 2040 bibunt,
715 1965 777 2028 hoc
799 1969 857 2040 est,
879 1964 940 2044 qui
953 1964 1167 2045 promissioni

217 2051 347 2117 additae
370 2052 514 2130 credunt,
538 2072 709 2134 nunquam
731 2053 855 2116 sitiunt.
902 2052 991 2116 Sicut
1014 2053 1166 2118 Christus

217 2141 311 2205 dicit:
346 2143 412 2217 Qui
441 2141 610 2207 crediderit
637 2148 671 2206 et
696 2140 877 2222 baptizatus
905 2140 1016 2218 fuerit,
1052 2144 1165 2206 salvus
1260 2190 1264 2199 .

100 2262 118 2286 ·
218 2225 306 2296 erit²
355 2232 403 2294 Ac
431 2231 528 2296 corda
548 2231 611 2296 hoc
633 2230 763 2294 coelesti
785 2237 865 2312 potu
888 2230 1005 2294 domus
1034 2229 1165 2294 domini

217 2319 345 2395 refecta,
369 2340 436 2383 non
459 2319 599 2401 amplius
622 2325 700 2383 sunt
722 2319 812 2382 arida
834 2325 867 2383 et
889 2320 1018 2396 sterilia,
1042 2321 1104 2383 sed
1127 2328 1166 2384 ut

217 2408 364 2470 Psalmus
387 2401 501 2484 dicit,⁸
534 2414 612 2471 sunt
640 2407 760 2470 similia
786 2408 907 2472 arboris
930 2408 1097 2489 plantatae
1121 2409 1164 2472 ad

145 2521 157 2528 ··
217 2494 303 2559 rivos
325 2514 500 2575 aquarum,
524 2515 607 2576 quae
629 2496 693 2560 fert
715 2497 858 2562 fructum
880 2516 977 2561 suum
998 2517 1059 2561 suo
1083 2505 1164 2562 tem·
1257 2533 1262 2540 ·

217 2603 305 2665 pore.
339 2584 413 2646 Non
436 2584 525 2646 enim
546 2584 732 2666 impeditur,
757 2605 816 2649 nec
837 2573 976 2650 laeditur
991 2585 1164 2651 ardoribus

217 2672 303 2736 solis.
349 2673 543 2756 Praecipuus
572 2680 683 2737 autem
710 2673 834 2738 fructus
863 2680 912 2738 est
940 2675 981 2738 de
1010 2695 1077 2755 quo
1107 2677 1164 2740 Za·

217 2762 342 2829 charias
376 2761 470 2840 dicit,
506 2762 594 2843 quod
627 2769 760 2846 peccata
788 2768 820 2826 et
848 2763 1072 2828 immundities
1098 2765 1165 2829 hac

217 2871 303 2954 aqua
332 2852 517 2917 abluuntur.
562 2853 662 2916 Hunc
690 2853 834 2916 fructum
856 2851 1001 2934 sequitur
1030 2859 1165 2918 aeterna

217 2947 292 3005 vm·
309 3024 373 3095 ⁴At
393 3030 531 3110 inquies,
556 3029 719 3111 quomodo
741 3030 803 3093 hoc
826 3049 911 3110 aqua
933 3031 1063 3112 potest?
1101 3032 1163 3094 Re·

217 3117 371 3201 spondeo.
417 3120 514 3198 Aqua
541 3138 599 3182 cen
631 3120 828 3182 elementum
857 3139 914 3200 per
944 3139 978 3184 se
1007 3119 1070 3182 hoo
1093 3140 1164 3184 non
1271 3159 1273 3174 ι

217 3213 337 3288 potest,
377 3207 438 3270 etsi
475 3206 564 3270 enim
598 3207 707 3270 sordes
741 3207 881 3272 vestium
918 3213 951 3270 et
988 3227 1163 3290 corporum

218 3294 335 3371 abluit,
367 3301 478 3360 tamen
500 3296 644 3358 animam
667 3296 822 3378 attingere
845 3317 913 3360 non
939 3303 1061 3378 potest,
1092 3297 1163 3360 Ioel

218 3389 328 3447 autem
356 3383 489 3461 diserte,
521 3404 588 3447 non
616 3385 652 3447 in
683 3405 797 3465 genere
827 3385 868 3448 de
898 3405 983 3466 aqua
1004 3386 1141 3467 loquitu

217 3471 275 3536 sed
308 3471 349 3535 de
383 3492 468 3553 aqua
500 3473 681 3556 profluente
715 3492 756 3536 ex
790 3473 888 3538 domo
917 3473 1051 3538 domini.
1110 3475 1137 3538 E

307 3682 334 3750 1)
358 3684 436 3737 Ien.:
462 3681 566 3737 Esaiae
586 3682 628 3736 12.
675 3682 703 3751 2)
727 3683 803 3738 Ion:
830 3685 933 3739 Esaiae
953 3684 977 3737 1.
1026 3684 1055 3752 3)
1079 3685 1139 3738 Ien.

216 3754 290 3807 Psal.
310 3754 335 3807 1.
372 3752 400 3820 4)
420 3754 587 3822 Baptismus
612 3753 724 3810 confert
748 3755 948 3812 remissionem
965 3760 1146 3824 peccatorum
