2584 4267
198 271 261 333 182
518 271 623 351 Caput
644 269 824 333 secundnm

195 447 284 511 cordi
305 446 469 524 inscribat,
492 443 542 510 ita‘
564 454 598 512 et
619 443 842 530 impatientiae
857 445 1024 528 parabitur
1038 445 1149 509 medi-a

196 537 278 612 cina,
302 541 336 598 51
357 542 395 599 15
415 535 574 600 excitabis
595 543 628 600 te
647 535 690 599 ad
705 535 822 599 seriam
835 536 1017 599 orationem
1032 540 1149 599 certus

196 625 236 688 de
259 624 476 688 exauditione.
522 625 557 688 Si
586 625 675 689 enim
703 644 815 689 verum
844 629 907 702 est,
941 623 1029 705 quod
1056 624 1149 687 deus

195 720 244 778 est
264 712 446 779 misericors
468 713 709 795 qui-afficiatur
730 713 826 776 malis
849 713 977 790 nostris,
1002 712 1069 790 dio,
1094 729 1145 778 an

194 823 262 866 non
284 810 414 884 rogatus
437 803 518 867 feret
541 821 646 885 opem,
670 809 704 866 et
725 800 877 866 liberabit
898 803 980 881 nos?
999 815 1055 864 nn
1070 819 1143 864 non

195 892 265 975 ipse
294 908 424 972 quoque
454 891 517 955 hac
545 898 637 956 15515
664 890 813 955 molestia
840 889 970 954 liberari
999 890 1139 973 optabit.

194 981 292 1044 modo
314 987 353 1045 15
373 998 449 1051 eum
472 1001 538 1044 non
558 980 727 1062 impedias
754 979 805 1044 vel
833 975 1143 1062 desperationem}

194 1068 400 1153 impatientia
421 1071 503 1132 tua?
536 1069 619 1132 Cum
641 1069 757 1134 Saulus
775 1068 909 1134 miseros
926 1068 1140 1144 Christianos,

195 1159 253 1242 qui
275 1158 428 1222 Damasei·
454 1165 560 1236 erant,
591 1157 803 1240 oppressuros
827 1163 864 1220 vet
893 1157 929 1218 15
950 1154 1142 1238 impiorum

194 1267 312 1311 manus
334 1247 510 1311 traditurus
533 1253 625 1324 esset,
650 1247 736 1310 iilius
759 1247 812 1308 dei
835 1246 877 1308 de
899 1245 986 1308 coelo
1005 1246 1143 1322 damst,

195 1336 287 1414 Saul,
312 1337 405 1413 Saul,
437 1336 519 1416 quid
540 1356 595 1399 me
617 1334 840 1418 persequeris?
874 1341 920 1397 51
928 1333 1065 1416 epistola
1092 1333 1144 1398 ad

195 1425 359 1488 Hebraeos
381 1424 454 1487 ideo
469 1427 560 1487 hune
573 1425 760 1505 pontificem
776 1443 833 1503 per
848 1423 969 1485 omnia
974 1427 1139 1486 tentatum

195 1513 283 1589 dicit,
307 1520 345 1576 51
367 1513 504 1577 disceret
525 1513 668 1595 compati
690 1513 807 1576 nostris
822 1509 937 1574 maiis.
971 1504 1045 1574 Ne
1035 1511 1142 1592 rgitur

196 1601 367 1692 desperes,
390 1602 514 1664 etiam
527 1622 606 1666 cum
636 1601 760 1665 5511115·-
758 1599 986 1682 peccatam·
996 1617 1138 1682 poenas,

195 1684 398 1754 5551511515
414 1691 535 1772 potius
560 1691 607 1755 ad
640 1689 739 1754 deum
758 1688 1031 1765 misericordem,
1078 1703 1137 1752 555

196 1779 430 1857 miseratorem,
454 1784 515 1842 nec
535 1786 658 1856 515155,
683 1796 765 1844 enm
792 1785 980 1859 tanquam·
975 1777 1139 1850 1515515111

196 1868 367 1932 immicum
372 1868 540 1933 delectari
561 1869 628 1932 1515
650 1868 754 1931 maiis
790 1868 896 1931 Dolet
918 1866 1024 1944 enim,
1046 1865 1137 1947 quod

196 1956 254 2021 tua
283 1958 493 2040 improbitate
510 1950 647 2021 coactns
671 1957 730 2020 sit
746 1955 909 2036 indigere
920 1951 1076 2108 poenas,
1098 1973 1140 2018 55

196 2046 297 2129 eupit
308 2051 340 2110 te
362 2047 514 2124 converti,
538 2052 576 2110 51
598 2053 723 2128 poenas
748 2037 984 2126 5151515Μ
988 2059 1046 2108 se
1073 2042 1138 2162 tibi

195 2135 437 2254 misericordem
458 2152 526 2199 esse
548 2135 707 2200 ostendat.
786 2159 788 2164 ·

227 2225 392 2288 Dabis
399 2230 510 2287 autem
524 2243 665 2306 operam,
682 2229 771 2286 5115
786 2237 915 2326 quoqne
915 2175 1019 2286 idem
1034 2221 1137 2286 iacias

196 2329 271 2392 erga
292 2313 480 2414 proximum
502 2318 610 2389 tuum,
633 2327 689 2374 ne
712 2305 870 2374 laeteris
861 2331 896 2375 15
929 2311 1028 2375 maiis
1054 2311 1137 2388 eius,
1248 2376 1251 2386 ,

196 2401 253 2464 sed
275 2400 398 2502 potius·
411 2400 598 2476 condolens,
627 2401 680 2464 vei
707 2400 878 2462 consoleris
901 2392 1002 2476 5551,
1015 2400 1078 2464 vel
1100 2419 1136 2462 re

196 2489 358 2564 51115555,
373 2487 401 2551 si
429 2488 480 2552 115
510 2488 636 2566 sinunt,
672 2488 850 2552 1555115155
874 2495 960 2574 tuae
994 2483 1139 2552 111555

195 2576 425 2658 gratitudinem
455 2577 577 2640 merito
598 2591 658 2640 sne
691 2589 714 2640 5
744 2583 779 2640 15
798 2577 908 2666 exigit
934 2577 1039 2654 deus,
1045 2576 1138 2640 ideo

144 2724 148 2730 .
195 2666 338 2730 studiose
358 2666 553 2748 praestanda
568 2673 653 2744 551,-
651 2665 735 2730 5151
753 2667 838 2730 ultro
852 2657 1051 2729 nobiscnm
1073 2665 1137 2729 ior

194 2756 309 2819 tunam
324 2757 472 2819 volumus
484 2774 658 2832 accersere
680 2773 779 2836 quam
795 2749 960 2843 expertos
960 2759 1016 2841 est
1024 2773 1139 2818 servus
1264 2764 1271 2772 ‘

194 2862 349 2926 nequam,
376 2845 433 2908 cui
455 2855 533 2908 cum
554 2845 666 2908 decem
688 2844 780 2906 milia
801 2835 1006 2908 1115515155
1011 2843 1136 2908 condo

195 2941 279 3086 115151
295 2940 415 3056 essent,
445 2934 550 2998 noluit
572 2946 724 3036 conserve
747 2951 811 3044 555
829 2926 963 3050 centem
987 2933 1140 3056 denarios

195 3041 385 3088 cononare.
456 3049 468 3064 Α·
537 3047 702 3069 ··s
808 3055 932 3066 ···
1076 3061 1079 3067 ,

491 3180 615 3264 ipse
605 3202 665 3247 rra
688 3183 840 3248 tardus.
1015 3225 1022 3233 „
1095 3243 1098 3249 .

207 3293 210 3296 ’
287 3281 379 3351 1Η55
407 3286 539 3351 tertium
569 3285 622 3350 dei
649 3289 872 3353 5551551515
895 3280 1041 3371 redditur
1071 3304 1139 3351 uno

195 3376 352 3442 vocabulo
387 3376 591 3456 longanimis.
654 3377 733 3439 Sed
758 3371 953 3440 55555115
983 3377 1141 3459 exprimit

195 3465 390 3528 Hebraicam
419 3466 563 3548 phrasin
617 3464 783 3545 Significat
812 3465 899 3528 enim
927 3465 1022 3545 quod
1056 3467 1141 3530 deus

287 3675 314 3744 1)
333 3676 392 3730 Nos
410 3689 524 3742 quoqne
540 3672 680 3728 debemus
692 3673 893 3730 misericordes
906 3636 989 3730 esse.
1015 3675 1044 3747 2)
1064 3677 1140 3732 Iena

195 3747 299 3802 Matth
320 3747 362 3800 18
398 3741 925 3814 3)ΠΙ.(1555151(15551111551.“
