<?xml version="1.0" encoding="UTF-8"?>
<!DOCTYPE html PUBLIC "-//W3C//DTD XHTML 1.0 Transitional//EN"
    "http://www.w3.org/TR/xhtml1/DTD/xhtml1-transitional.dtd">
<html xmlns="http://www.w3.org/1999/xhtml" xml:lang="en" lang="en">
 <head>
  <title>
</title>
<meta http-equiv="Content-Type" content="text/html;charset=utf-8" />
  <meta name='ocr-system' content='tesseract 3.04.00' />
  <meta name='ocr-capabilities' content='ocr_page ocr_carea ocr_par ocr_line ocrx_word'/>
</head>
<body>
  <div class='ocr_page' id='page_1' title='image "./exegeticaoperal12luthgoog_0259.png"; bbox 0 0 2584 4267; ppageno 0'>
   <div class='ocr_carea' id='block_1_1' title="bbox 221 286 819 370">
    <p class='ocr_par' dir='ltr' id='par_1_1' title="bbox 221 286 819 370">
     <span class='ocr_line' id='line_1_1' title="bbox 221 286 819 370; baseline -0.008 -17"><span class='ocrx_word' id='word_1_1' title='bbox 221 290 285 354; x_wconf 85' lang='grc'>248</span> <span class='ocrx_word' id='word_1_2' title='bbox 463 336 468 344; x_wconf 82' lang='lat'>.</span> <span class='ocrx_word' id='word_1_3' title='bbox 560 288 666 370; x_wconf 84' lang='lat' dir='ltr'>Caput</span> <span class='ocrx_word' id='word_1_4' title='bbox 687 286 819 350; x_wconf 90' lang='lat' dir='ltr'>tertium</span> 
     </span>
    </p>
   </div>
   <div class='ocr_carea' id='block_1_2' title="bbox 219 463 1164 1525">
    <p class='ocr_par' dir='ltr' id='par_1_2' title="bbox 220 463 1164 724">
     <span class='ocr_line' id='line_1_2' title="bbox 220 463 1164 548; baseline -0.006 -17"><span class='ocrx_word' id='word_1_5' title='bbox 220 467 323 531; x_wconf 90' lang='lat' dir='ltr'>sancti</span> <span class='ocrx_word' id='word_1_6' title='bbox 350 467 418 530; x_wconf 89' lang='lat' dir='ltr'>Ioel</span> <span class='ocrx_word' id='word_1_7' title='bbox 432 465 614 548; x_wconf 87' lang='lat' dir='ltr'>praedicit,</span> <span class='ocrx_word' id='word_1_8' title='bbox 644 464 703 528; x_wconf 89' lang='lat' dir='ltr'>sed</span> <span class='ocrx_word' id='word_1_9' title='bbox 730 465 829 527; x_wconf 90' lang='lat' dir='ltr'>etiam</span> <span class='ocrx_word' id='word_1_10' title='bbox 859 464 938 527; x_wconf 88' lang='lat' dir='ltr'>haec</span> <span class='ocrx_word' id='word_1_11' title='bbox 964 463 1037 545; x_wconf 85' lang='lat' dir='ltr'>ipsa</span> <span class='ocrx_word' id='word_1_12' title='bbox 1066 463 1164 542; x_wconf 85' lang='lat' dir='ltr'>signa</span> 
     </span>
     <span class='ocr_line' id='line_1_3' title="bbox 221 551 1164 633; baseline -0.005 -14"><span class='ocrx_word' id='word_1_13' title='bbox 221 558 310 633; x_wconf 88' lang='lat' dir='ltr'>citat,</span> <span class='ocrx_word' id='word_1_14' title='bbox 346 575 383 618; x_wconf 92' lang='lat' dir='ltr'>ac</span> <span class='ocrx_word' id='word_1_15' title='bbox 418 555 560 619; x_wconf 82' lang='lat' dir='ltr'>ostendit</span> <span class='ocrx_word' id='word_1_16' title='bbox 591 555 659 616; x_wconf 91' lang='lat' dir='ltr'>iam</span> <span class='ocrx_word' id='word_1_17' title='bbox 692 559 767 617; x_wconf 88' lang='lat' dir='ltr'>ante</span> <span class='ocrx_word' id='word_1_18' title='bbox 801 553 990 616; x_wconf 79' lang='lat' dir='ltr'>missionem</span> <span class='ocrx_word' id='word_1_19' title='bbox 1024 551 1164 633; x_wconf 87' lang='lat' dir='ltr'>spiritus</span> 
     </span>
     <span class='ocr_line' id='line_1_4' title="bbox 220 643 726 724; baseline -0.008 -15"><span class='ocrx_word' id='word_1_20' title='bbox 220 646 324 709; x_wconf 85' lang='lat' dir='ltr'>saneti</span> <span class='ocrx_word' id='word_1_21' title='bbox 346 645 427 707; x_wconf 88' lang='lat' dir='ltr'>haec</span> <span class='ocrx_word' id='word_1_22' title='bbox 447 644 542 724; x_wconf 85' lang='lat' dir='ltr'>signa</span> <span class='ocrx_word' id='word_1_23' title='bbox 563 643 726 706; x_wconf 88' lang='lat' dir='ltr'>accidisse.</span> 
     </span>
    </p>

    <p class='ocr_par' dir='ltr' id='par_1_3' title="bbox 219 730 1164 1525">
     <span class='ocr_line' id='line_1_5' title="bbox 309 730 1164 815; baseline -0.006 -18"><span class='ocrx_word' id='word_1_24' title='bbox 309 733 372 797; x_wconf 85' lang='lat' dir='ltr'>Sed</span> <span class='ocrx_word' id='word_1_25' title='bbox 387 734 509 815; x_wconf 82' lang='lat' dir='ltr'>duplex</span> <span class='ocrx_word' id='word_1_26' title='bbox 527 732 582 796; x_wconf 90' lang='lat' dir='ltr'>hie</span> <span class='ocrx_word' id='word_1_27' title='bbox 601 732 745 795; x_wconf 84' lang='lat' dir='ltr'>nascitur</span> <span class='ocrx_word' id='word_1_28' title='bbox 760 732 894 812; x_wconf 76' lang='lat' dir='ltr'>questio.</span> <span class='ocrx_word' id='word_1_29' title='bbox 926 731 1035 794; x_wconf 86' lang='lat' dir='ltr'>Prima</span> <span class='ocrx_word' id='word_1_30' title='bbox 1050 730 1164 810; x_wconf 91' lang='lat' dir='ltr'>qualia</span> 
     </span>
     <span class='ocr_line' id='line_1_6' title="bbox 219 819 1163 902; baseline -0.005 -17"><span class='ocrx_word' id='word_1_31' title='bbox 219 824 300 888; x_wconf 89' lang='lat' dir='ltr'>haec</span> <span class='ocrx_word' id='word_1_32' title='bbox 322 822 388 885; x_wconf 88' lang='lat' dir='ltr'>sint</span> <span class='ocrx_word' id='word_1_33' title='bbox 410 823 511 902; x_wconf 85' lang='lat' dir='ltr'>signa.</span> <span class='ocrx_word' id='word_1_34' title='bbox 557 822 667 884; x_wconf 88' lang='lat' dir='ltr'>Altera</span> <span class='ocrx_word' id='word_1_35' title='bbox 690 840 747 884; x_wconf 89' lang='lat' dir='ltr'>cur</span> <span class='ocrx_word' id='word_1_36' title='bbox 761 821 830 884; x_wconf 87' lang='lat' dir='ltr'>dies</span> <span class='ocrx_word' id='word_1_37' title='bbox 845 819 1009 884; x_wconf 78' lang='lat' dir='ltr'>missionis</span> <span class='ocrx_word' id='word_1_38' title='bbox 1025 819 1163 901; x_wconf 88' lang='lat' dir='ltr'>spiritus</span> 
     </span>
     <span class='ocr_line' id='line_1_7' title="bbox 221 906 1164 991; baseline -0.002 -17"><span class='ocrx_word' id='word_1_39' title='bbox 221 912 324 974; x_wconf 86' lang='lat' dir='ltr'>sancti</span> <span class='ocrx_word' id='word_1_40' title='bbox 346 916 477 975; x_wconf 85' lang='lat' dir='ltr'>vocetur</span> <span class='ocrx_word' id='word_1_41' title='bbox 499 909 651 973; x_wconf 86' lang='lat' dir='ltr'>terribilis</span> <span class='ocrx_word' id='word_1_42' title='bbox 679 929 754 974; x_wconf 89' lang='lat' dir='ltr'>oum</span> <span class='ocrx_word' id='word_1_43' title='bbox 782 910 890 990; x_wconf 91' lang='lat' dir='ltr'>potius</span> <span class='ocrx_word' id='word_1_44' title='bbox 920 910 1017 991; x_wconf 88' lang='lat' dir='ltr'>plena</span> <span class='ocrx_word' id='word_1_45' title='bbox 1048 906 1164 988; x_wconf 82' lang='lat' dir='ltr'>gaudii</span> 
     </span>
     <span class='ocr_line' id='line_1_8' title="bbox 220 996 1163 1081; baseline -0.005 -18"><span class='ocrx_word' id='word_1_46' title='bbox 220 1006 253 1063; x_wconf 88' lang='lat' dir='ltr'>et</span> <span class='ocrx_word' id='word_1_47' title='bbox 276 1001 388 1064; x_wconf 82' lang='lat' dir='ltr'>salutis</span> <span class='ocrx_word' id='word_1_48' title='bbox 411 1000 463 1063; x_wconf 89' lang='lat' dir='ltr'>sit.</span> <span class='ocrx_word' id='word_1_49' title='bbox 509 1000 557 1062; x_wconf 87' lang='lat' dir='ltr'>De</span> <span class='ocrx_word' id='word_1_50' title='bbox 580 999 686 1081; x_wconf 86' lang='lat' dir='ltr'>prima</span> <span class='ocrx_word' id='word_1_51' title='bbox 706 999 895 1079; x_wconf 81' lang='lat' dir='ltr'>respondeo,</span> <span class='ocrx_word' id='word_1_52' title='bbox 919 997 1054 1061; x_wconf 90' lang='lat' dir='ltr'>omnino</span> <span class='ocrx_word' id='word_1_53' title='bbox 1077 996 1163 1060; x_wconf 89' lang='lat' dir='ltr'>iudi·</span> 
     </span>
     <span class='ocr_line' id='line_1_9' title="bbox 220 1085 1164 1169; baseline -0.005 -17"><span class='ocrx_word' id='word_1_54' title='bbox 220 1109 292 1152; x_wconf 88' lang='lat' dir='ltr'>care</span> <span class='ocrx_word' id='word_1_55' title='bbox 314 1107 367 1152; x_wconf 93' lang='lat' dir='ltr'>me</span> <span class='ocrx_word' id='word_1_56' title='bbox 389 1089 470 1152; x_wconf 88' lang='lat' dir='ltr'>haec</span> <span class='ocrx_word' id='word_1_57' title='bbox 492 1089 585 1168; x_wconf 85' lang='lat' dir='ltr'>signa</span> <span class='ocrx_word' id='word_1_58' title='bbox 607 1107 690 1169; x_wconf 85' lang='lat' dir='ltr'>quse</span> <span class='ocrx_word' id='word_1_59' title='bbox 713 1089 829 1168; x_wconf 83' lang='lat' dir='ltr'>allegat</span> <span class='ocrx_word' id='word_1_60' title='bbox 851 1088 917 1151; x_wconf 92' lang='lat' dir='ltr'>Ioel</span> <span class='ocrx_word' id='word_1_61' title='bbox 946 1106 1015 1150; x_wconf 90' lang='lat' dir='ltr'>esse</span> <span class='ocrx_word' id='word_1_62' title='bbox 1045 1085 1164 1148; x_wconf 88' lang='lat' dir='ltr'>eadem</span> 
     </span>
     <span class='ocr_line' id='line_1_10' title="bbox 220 1175 1164 1259; baseline -0.004 -18"><span class='ocrx_word' id='word_1_63' title='bbox 220 1198 303 1259; x_wconf 91' lang='lat' dir='ltr'>quae</span> <span class='ocrx_word' id='word_1_64' title='bbox 337 1178 379 1241; x_wconf 91' lang='lat' dir='ltr'>ab</span> <span class='ocrx_word' id='word_1_65' title='bbox 412 1178 617 1257; x_wconf 82' lang='lat' dir='ltr'>evangelistis</span> <span class='ocrx_word' id='word_1_66' title='bbox 651 1181 945 1240; x_wconf 85' lang='lat' dir='ltr'>commemorantur</span> <span class='ocrx_word' id='word_1_67' title='bbox 977 1177 1063 1238; x_wconf 86' lang='lat' dir='ltr'>iacta</span> <span class='ocrx_word' id='word_1_68' title='bbox 1098 1175 1164 1238; x_wconf 89' lang='lat' dir='ltr'>sub</span> 
     </span>
     <span class='ocr_line' id='line_1_11' title="bbox 220 1261 1164 1349; baseline -0.004 -19"><span class='ocrx_word' id='word_1_69' title='bbox 220 1268 404 1349; x_wconf 84' lang='lat' dir='ltr'>passionem</span> <span class='ocrx_word' id='word_1_70' title='bbox 437 1267 614 1330; x_wconf 87' lang='lat' dir='ltr'>salvatoris.</span> <span class='ocrx_word' id='word_1_71' title='bbox 677 1261 882 1329; x_wconf 87' lang='lat' dir='ltr'>¹Portentosa</span> <span class='ocrx_word' id='word_1_72' title='bbox 915 1263 979 1328; x_wconf 90' lang='lat' dir='ltr'>fuit</span> <span class='ocrx_word' id='word_1_73' title='bbox 1012 1264 1164 1344; x_wconf 80' lang='lat' dir='ltr'>ecclipsis</span> 
     </span>
     <span class='ocr_line' id='line_1_12' title="bbox 219 1352 1162 1438; baseline -0.001 -19"><span class='ocrx_word' id='word_1_74' title='bbox 219 1357 295 1419; x_wconf 89' lang='lat' dir='ltr'>solis</span> <span class='ocrx_word' id='word_1_75' title='bbox 317 1356 353 1418; x_wconf 92' lang='lat' dir='ltr'>in</span> <span class='ocrx_word' id='word_1_76' title='bbox 375 1355 447 1438; x_wconf 88' lang='lat' dir='ltr'>ipso</span> <span class='ocrx_word' id='word_1_77' title='bbox 469 1355 640 1438; x_wconf 82' lang='lat' dir='ltr'>plenilunii</span> <span class='ocrx_word' id='word_1_78' title='bbox 663 1353 729 1431; x_wconf 88' lang='lat' dir='ltr'>die,</span> <span class='ocrx_word' id='word_1_79' title='bbox 755 1374 838 1435; x_wconf 90' lang='lat' dir='ltr'>quae</span> <span class='ocrx_word' id='word_1_80' title='bbox 860 1355 907 1418; x_wconf 89' lang='lat' dir='ltr'>ita</span> <span class='ocrx_word' id='word_1_81' title='bbox 928 1353 1063 1418; x_wconf 83' lang='lat' dir='ltr'>involvit</span> <span class='ocrx_word' id='word_1_82' title='bbox 1084 1352 1162 1418; x_wconf 89' lang='lat' dir='ltr'>cali-</span> 
     </span>
     <span class='ocr_line' id='line_1_13' title="bbox 219 1441 1164 1525; baseline -0.002 -19"><span class='ocrx_word' id='word_1_83' title='bbox 219 1446 292 1524; x_wconf 84' lang='lat' dir='ltr'>gine</span> <span class='ocrx_word' id='word_1_84' title='bbox 315 1445 439 1520; x_wconf 88' lang='lat' dir='ltr'>omnia,</span> <span class='ocrx_word' id='word_1_85' title='bbox 474 1464 512 1506; x_wconf 88' lang='lat' dir='ltr'>ac</span> <span class='ocrx_word' id='word_1_86' title='bbox 535 1444 563 1507; x_wconf 93' lang='lat' dir='ltr'>si</span> <span class='ocrx_word' id='word_1_87' title='bbox 580 1445 649 1506; x_wconf 86' lang='lat' dir='ltr'>late</span> <span class='ocrx_word' id='word_1_88' title='bbox 683 1443 823 1518; x_wconf 83' lang='lat' dir='ltr'>diffusus</span> <span class='ocrx_word' id='word_1_89' title='bbox 848 1443 958 1506; x_wconf 86' lang='lat' dir='ltr'>fumus</span> <span class='ocrx_word' id='word_1_90' title='bbox 984 1441 1164 1525; x_wconf 88' lang='lat' dir='ltr'>impediret</span> 
     </span>
    </p>
   </div>
   <div class='ocr_carea' id='block_1_3' title="bbox 218 1524 1176 1614">
    <p class='ocr_par' dir='ltr' id='par_1_4' title="bbox 218 1524 1176 1614">
     <span class='ocr_line' id='line_1_14' title="bbox 218 1524 1176 1614; baseline -0.003 -19"><span class='ocrx_word' id='word_1_91' title='bbox 218 1533 336 1608; x_wconf 89' lang='lat' dir='ltr'>oculos,</span> <span class='ocrx_word' id='word_1_92' title='bbox 361 1532 456 1594; x_wconf 85' lang='lat' dir='ltr'>nain</span> <span class='ocrx_word' id='word_1_93' title='bbox 477 1533 584 1596; x_wconf 89' lang='lat' dir='ltr'>vicino</span> <span class='ocrx_word' id='word_1_94' title='bbox 606 1531 713 1614; x_wconf 83' lang='lat' dir='ltr'>posits</span> <span class='ocrx_word' id='word_1_95' title='bbox 735 1538 868 1613; x_wconf 88' lang='lat' dir='ltr'>possent</span> <span class='ocrx_word' id='word_1_96' title='bbox 886 1531 1041 1612; x_wconf 88' lang='lat' dir='ltr'>conspici.</span> <span class='ocrx_word' id='word_1_97' title='bbox 1094 1524 1176 1592; x_wconf 67' lang='grc' dir='ltr'>2Ασ</span> 
     </span>
    </p>
   </div>
   <div class='ocr_carea' id='block_1_4' title="bbox 218 1619 1163 1965">
    <p class='ocr_par' dir='ltr' id='par_1_5' title="bbox 218 1619 1163 1965">
     <span class='ocr_line' id='line_1_15' title="bbox 218 1619 1162 1703; baseline 0 -21"><span class='ocrx_word' id='word_1_98' title='bbox 218 1621 288 1703; x_wconf 90' lang='lat' dir='ltr'>ipse</span> <span class='ocrx_word' id='word_1_99' title='bbox 311 1622 469 1703; x_wconf 88' lang='lat' dir='ltr'>propheta</span> <span class='ocrx_word' id='word_1_100' title='bbox 491 1621 533 1684; x_wconf 90' lang='lat' dir='ltr'>ad</span> <span class='ocrx_word' id='word_1_101' title='bbox 560 1622 649 1684; x_wconf 93' lang='lat' dir='ltr'>hunc</span> <span class='ocrx_word' id='word_1_102' title='bbox 676 1621 812 1686; x_wconf 91' lang='lat' dir='ltr'>modum</span> <span class='ocrx_word' id='word_1_103' title='bbox 840 1641 875 1685; x_wconf 87' lang='lat' dir='ltr'>se</span> <span class='ocrx_word' id='word_1_104' title='bbox 903 1619 1052 1703; x_wconf 85' lang='lat' dir='ltr'>explicat,</span> <span class='ocrx_word' id='word_1_105' title='bbox 1082 1640 1162 1682; x_wconf 86' lang='lat' dir='ltr'>cum</span> 
     </span>
     <span class='ocr_line' id='line_1_16' title="bbox 219 1710 1161 1787; baseline -0.001 -14"><span class='ocrx_word' id='word_1_106' title='bbox 219 1710 312 1774; x_wconf 84' lang='lat' dir='ltr'>addit</span> <span class='ocrx_word' id='word_1_107' title='bbox 334 1711 374 1773; x_wconf 91' lang='lat' dir='ltr'>de</span> <span class='ocrx_word' id='word_1_108' title='bbox 397 1710 463 1774; x_wconf 88' lang='lat' dir='ltr'>sole</span> <span class='ocrx_word' id='word_1_109' title='bbox 486 1711 706 1787; x_wconf 82' lang='lat' dir='ltr'>obtenebrata,</span> <span class='ocrx_word' id='word_1_110' title='bbox 736 1716 776 1773; x_wconf 90' lang='lat' dir='ltr'>et</span> <span class='ocrx_word' id='word_1_111' title='bbox 798 1711 876 1774; x_wconf 86' lang='lat' dir='ltr'>lune</span> <span class='ocrx_word' id='word_1_112' title='bbox 902 1711 1058 1772; x_wconf 86' lang='lat' dir='ltr'>referente</span> <span class='ocrx_word' id='word_1_113' title='bbox 1087 1728 1161 1776; x_wconf 83' lang='lat' dir='ltr'>san-</span> 
     </span>
     <span class='ocr_line' id='line_1_17' title="bbox 219 1798 1163 1882; baseline -0.003 -20"><span class='ocrx_word' id='word_1_114' title='bbox 219 1799 327 1880; x_wconf 86' lang='lat' dir='ltr'>guinis</span> <span class='ocrx_word' id='word_1_115' title='bbox 355 1800 506 1882; x_wconf 87' lang='lat' dir='ltr'>speciem.</span> <span class='ocrx_word' id='word_1_116' title='bbox 558 1801 616 1875; x_wconf 86' lang='lat' dir='ltr'>At,</span> <span class='ocrx_word' id='word_1_117' title='bbox 645 1799 788 1880; x_wconf 88' lang='lat' dir='ltr'>inquies,</span> <span class='ocrx_word' id='word_1_118' title='bbox 821 1799 1035 1879; x_wconf 86' lang='lat' dir='ltr'>evangelistae</span> <span class='ocrx_word' id='word_1_119' title='bbox 1061 1798 1163 1862; x_wconf 88' lang='lat' dir='ltr'>lunae</span> 
     </span>
     <span class='ocr_line' id='line_1_18' title="bbox 218 1887 1162 1965; baseline -0.002 -15"><span class='ocrx_word' id='word_1_120' title='bbox 218 1909 285 1952; x_wconf 91' lang='lat' dir='ltr'>non</span> <span class='ocrx_word' id='word_1_121' title='bbox 307 1889 534 1965; x_wconf 87' lang='lat' dir='ltr'>meminerunt,</span> <span class='ocrx_word' id='word_1_122' title='bbox 559 1894 592 1950; x_wconf 88' lang='lat' dir='ltr'>et</span> <span class='ocrx_word' id='word_1_123' title='bbox 614 1887 679 1952; x_wconf 88' lang='lat' dir='ltr'>fuit</span> <span class='ocrx_word' id='word_1_124' title='bbox 700 1908 738 1952; x_wconf 89' lang='lat' dir='ltr'>ea</span> <span class='ocrx_word' id='word_1_125' title='bbox 753 1887 895 1952; x_wconf 88' lang='lat' dir='ltr'>interdiu</span> <span class='ocrx_word' id='word_1_126' title='bbox 915 1887 975 1951; x_wconf 88' lang='lat' dir='ltr'>sub</span> <span class='ocrx_word' id='word_1_127' title='bbox 998 1893 1091 1963; x_wconf 92' lang='lat' dir='ltr'>terra,</span> <span class='ocrx_word' id='word_1_128' title='bbox 1119 1908 1162 1948; x_wconf 91' lang='lat' dir='ltr'>ne</span> 
     </span>
    </p>
   </div>
   <div class='ocr_carea' id='block_1_5' title="bbox 219 1977 1273 2060">
    <p class='ocr_par' dir='ltr' id='par_1_6' title="bbox 219 1977 1273 2060">
     <span class='ocr_line' id='line_1_19' title="bbox 219 1977 1273 2060; baseline -0.003 -20"><span class='ocrx_word' id='word_1_129' title='bbox 219 1978 321 2059; x_wconf 87' lang='lat' dir='ltr'>possit</span> <span class='ocrx_word' id='word_1_130' title='bbox 343 1979 497 2060; x_wconf 80' lang='lat' dir='ltr'>conspici.</span> <span class='ocrx_word' id='word_1_131' title='bbox 525 1977 742 2059; x_wconf 71' lang='lat' dir='ltr'>&#39;Respondes</span> <span class='ocrx_word' id='word_1_132' title='bbox 788 1978 893 2040; x_wconf 89' lang='lat' dir='ltr'>Noctu</span> <span class='ocrx_word' id='word_1_133' title='bbox 916 1981 1086 2057; x_wconf 83' lang='lat' dir='ltr'>conspecta</span> <span class='ocrx_word' id='word_1_134' title='bbox 1111 1981 1163 2038; x_wconf 90' lang='lat' dir='ltr'>est</span> <span class='ocrx_word' id='word_1_135' title='bbox 1268 2005 1273 2017; x_wconf 45' lang='grc' dir='ltr'><strong><em>ε</em></strong></span> 
     </span>
    </p>
   </div>
   <div class='ocr_carea' id='block_1_6' title="bbox 218 2066 1245 2154">
    <p class='ocr_par' dir='ltr' id='par_1_7' title="bbox 218 2066 1245 2154">
     <span class='ocr_line' id='line_1_20' title="bbox 218 2066 1245 2154; baseline 0.005 -26"><span class='ocrx_word' id='word_1_136' title='bbox 218 2067 353 2147; x_wconf 83' lang='lat' dir='ltr'>integra,</span> <span class='ocrx_word' id='word_1_137' title='bbox 379 2067 512 2147; x_wconf 89' lang='lat' dir='ltr'>etquid</span> <span class='ocrx_word' id='word_1_138' title='bbox 535 2066 666 2143; x_wconf 89' lang='lat' dir='ltr'>mirum,</span> <span class='ocrx_word' id='word_1_139' title='bbox 691 2067 719 2130; x_wconf 91' lang='lat' dir='ltr'>si</span> <span class='ocrx_word' id='word_1_140' title='bbox 740 2066 776 2130; x_wconf 90' lang='lat' dir='ltr'>in</span> <span class='ocrx_word' id='word_1_141' title='bbox 799 2086 837 2130; x_wconf 89' lang='lat' dir='ltr'>ea</span> <span class='ocrx_word' id='word_1_142' title='bbox 851 2085 980 2147; x_wconf 89' lang='lat' dir='ltr'>quoque</span> <span class='ocrx_word' id='word_1_143' title='bbox 1003 2084 1161 2146; x_wconf 87' lang='lat' dir='ltr'>apparue·</span> <span class='ocrx_word' id='word_1_144' title='bbox 1207 2150 1209 2154; x_wconf 85' lang='lat'>.</span> <span class='ocrx_word' id='word_1_145' title='bbox 1241 2125 1245 2133; x_wconf 81' lang='grc'>,</span> 
     </span>
    </p>
   </div>
   <div class='ocr_carea' id='block_1_7' title="bbox 218 2155 1161 2236">
    <p class='ocr_par' dir='ltr' id='par_1_8' title="bbox 218 2155 1161 2236">
     <span class='ocr_line' id='line_1_21' title="bbox 218 2155 1161 2236; baseline -0.002 -18"><span class='ocrx_word' id='word_1_146' title='bbox 218 2162 295 2218; x_wconf 90' lang='lat' dir='ltr'>runt</span> <span class='ocrx_word' id='word_1_147' title='bbox 316 2156 423 2220; x_wconf 83' lang='lat' dir='ltr'>tristes</span> <span class='ocrx_word' id='word_1_148' title='bbox 446 2162 555 2232; x_wconf 87' lang='lat' dir='ltr'>notae,</span> <span class='ocrx_word' id='word_1_149' title='bbox 589 2155 674 2218; x_wconf 89' lang='lat' dir='ltr'>sicut</span> <span class='ocrx_word' id='word_1_150' title='bbox 701 2155 737 2217; x_wconf 90' lang='lat' dir='ltr'>in</span> <span class='ocrx_word' id='word_1_151' title='bbox 765 2155 846 2232; x_wconf 86' lang='lat' dir='ltr'>sole,</span> <span class='ocrx_word' id='word_1_152' title='bbox 882 2175 959 2217; x_wconf 90' lang='lat' dir='ltr'>nam</span> <span class='ocrx_word' id='word_1_153' title='bbox 982 2155 1161 2236; x_wconf 88' lang='lat' dir='ltr'>prophetae</span> 
     </span>
    </p>
   </div>
   <div class='ocr_carea' id='block_1_8' title="bbox 220 2243 1181 2323">
    <p class='ocr_par' dir='ltr' id='par_1_9' title="bbox 220 2243 1181 2323">
     <span class='ocr_line' id='line_1_22' title="bbox 220 2243 1181 2323; baseline -0.001 -16"><span class='ocrx_word' id='word_1_154' title='bbox 220 2244 281 2308; x_wconf 86' lang='lat' dir='ltr'>hoe</span> <span class='ocrx_word' id='word_1_155' title='bbox 296 2245 450 2307; x_wconf 84' lang='lat' dir='ltr'>asserenti</span> <span class='ocrx_word' id='word_1_156' title='bbox 472 2244 669 2307; x_wconf 87' lang='lat' dir='ltr'>credendum</span> <span class='ocrx_word' id='word_1_157' title='bbox 684 2249 741 2321; x_wconf 89' lang='lat' dir='ltr'>est,</span> <span class='ocrx_word' id='word_1_158' title='bbox 766 2244 826 2307; x_wconf 88' lang='lat' dir='ltr'>etsi</span> <span class='ocrx_word' id='word_1_159' title='bbox 847 2244 1059 2323; x_wconf 82' lang='lat' dir='ltr'>evangelistae</span> <span class='ocrx_word' id='word_1_160' title='bbox 1074 2243 1162 2304; x_wconf 87' lang='lat' dir='ltr'>nihil</span> <span class='ocrx_word' id='word_1_161' title='bbox 1179 2302 1181 2306; x_wconf 87' lang='lat'>.</span> 
     </span>
    </p>
   </div>
   <div class='ocr_carea' id='block_1_9' title="bbox 219 2332 1161 2396">
    <p class='ocr_par' dir='ltr' id='par_1_10' title="bbox 219 2332 1161 2396">
     <span class='ocr_line' id='line_1_23' title="bbox 219 2332 1161 2396; baseline -0.002 -1"><span class='ocrx_word' id='word_1_162' title='bbox 219 2332 259 2395; x_wconf 90' lang='lat' dir='ltr'>de</span> <span class='ocrx_word' id='word_1_163' title='bbox 282 2334 360 2395; x_wconf 90' lang='lat' dir='ltr'>luna</span> <span class='ocrx_word' id='word_1_164' title='bbox 387 2332 614 2395; x_wconf 89' lang='lat' dir='ltr'>meminerunt.</span> <span class='ocrx_word' id='word_1_165' title='bbox 661 2333 880 2396; x_wconf 82' lang='lat' dir='ltr'>Meminerant</span> <span class='ocrx_word' id='word_1_166' title='bbox 908 2339 1016 2395; x_wconf 85' lang='lat' dir='ltr'>autem</span> <span class='ocrx_word' id='word_1_167' title='bbox 1044 2337 1161 2394; x_wconf 85' lang='lat' dir='ltr'>terrae-</span> 
     </span>
    </p>
   </div>
   <div class='ocr_carea' id='block_1_10' title="bbox 217 2421 1183 2503">
    <p class='ocr_par' dir='ltr' id='par_1_11' title="bbox 217 2421 1183 2503">
     <span class='ocr_line' id='line_1_24' title="bbox 217 2421 1183 2503; baseline 0.003 -21"><span class='ocrx_word' id='word_1_168' title='bbox 217 2426 335 2496; x_wconf 87' lang='lat' dir='ltr'>motus,</span> <span class='ocrx_word' id='word_1_169' title='bbox 360 2426 393 2482; x_wconf 90' lang='lat' dir='ltr'>et</span> <span class='ocrx_word' id='word_1_170' title='bbox 407 2421 581 2502; x_wconf 86' lang='lat' dir='ltr'>apertionis</span> <span class='ocrx_word' id='word_1_171' title='bbox 597 2421 849 2503; x_wconf 86' lang='lat' dir='ltr'>sepulchrorum,</span> <span class='ocrx_word' id='word_1_172' title='bbox 874 2441 957 2502; x_wconf 87' lang='lat' dir='ltr'>quae</span> <span class='ocrx_word' id='word_1_173' title='bbox 972 2421 1038 2484; x_wconf 92' lang='lat' dir='ltr'>Ioel</span> <span class='ocrx_word' id='word_1_174' title='bbox 1053 2427 1160 2484; x_wconf 88' lang='lat' dir='ltr'>osten-</span> <span class='ocrx_word' id='word_1_175' title='bbox 1177 2481 1183 2485; x_wconf 90' lang='lat'>.</span> 
     </span>
    </p>
   </div>
   <div class='ocr_carea' id='block_1_11' title="bbox 1267 2363 1274 2516">
    <p class='ocr_par' dir='ltr' id='par_1_12' title="bbox 1267 2363 1274 2516">
     <span class='ocr_line' id='line_1_25' title="bbox 1267 2363 1274 2516; baseline 0 0"><span class='ocrx_word' id='word_1_176' title='bbox 1267 2363 1274 2516; x_wconf 85' lang='grc'><strong>1</strong></span> 
     </span>
    </p>
   </div>
   <div class='ocr_carea' id='block_1_12' title="bbox 140 2503 1274 3124">
    <p class='ocr_par' dir='ltr' id='par_1_13' title="bbox 140 2503 1274 3124">
     <span class='ocr_line' id='line_1_26' title="bbox 218 2503 1162 2591; baseline 0.003 -20"><span class='ocrx_word' id='word_1_177' title='bbox 218 2509 268 2571; x_wconf 90' lang='lat' dir='ltr'>dit</span> <span class='ocrx_word' id='word_1_178' title='bbox 297 2528 372 2571; x_wconf 92' lang='lat' dir='ltr'>cum</span> <span class='ocrx_word' id='word_1_179' title='bbox 400 2509 440 2570; x_wconf 91' lang='lat' dir='ltr'>de</span> <span class='ocrx_word' id='word_1_180' title='bbox 468 2509 624 2590; x_wconf 86' lang='lat' dir='ltr'>portentis</span> <span class='ocrx_word' id='word_1_181' title='bbox 654 2509 689 2572; x_wconf 92' lang='lat' dir='ltr'>in</span> <span class='ocrx_word' id='word_1_182' title='bbox 717 2516 800 2572; x_wconf 88' lang='lat' dir='ltr'>terra</span> <span class='ocrx_word' id='word_1_183' title='bbox 821 2511 973 2591; x_wconf 88' lang='lat' dir='ltr'>loquitur.</span> <span class='ocrx_word' id='word_1_184' title='bbox 1024 2503 1162 2590; x_wconf 78' lang='lat' dir='ltr'>³Ignem</span> 
     </span>
     <span class='ocr_line' id='line_1_27' title="bbox 218 2597 1182 2679; baseline 0.003 -20"><span class='ocrx_word' id='word_1_185' title='bbox 218 2597 353 2677; x_wconf 91' lang='lat' dir='ltr'>quidam</span> <span class='ocrx_word' id='word_1_186' title='bbox 374 2602 543 2678; x_wconf 87' lang='lat' dir='ltr'>exponunt</span> <span class='ocrx_word' id='word_1_187' title='bbox 565 2597 606 2661; x_wconf 88' lang='lat' dir='ltr'>de</span> <span class='ocrx_word' id='word_1_188' title='bbox 620 2598 715 2679; x_wconf 88' lang='lat' dir='ltr'>igneo</span> <span class='ocrx_word' id='word_1_189' title='bbox 732 2599 806 2662; x_wconf 89' lang='lat' dir='ltr'>solis</span> <span class='ocrx_word' id='word_1_190' title='bbox 830 2599 942 2676; x_wconf 89' lang='lat' dir='ltr'>colore,</span> <span class='ocrx_word' id='word_1_191' title='bbox 966 2618 1065 2679; x_wconf 91' lang='lat' dir='ltr'>quem</span> <span class='ocrx_word' id='word_1_192' title='bbox 1087 2603 1182 2662; x_wconf 84' lang='lat' dir='ltr'>non&#39;</span> 
     </span>
     <span class='ocr_line' id='line_1_28' title="bbox 217 2685 1156 2769; baseline 0.003 -21"><span class='ocrx_word' id='word_1_193' title='bbox 217 2706 388 2767; x_wconf 91' lang='lat' dir='ltr'>nunquam</span> <span class='ocrx_word' id='word_1_194' title='bbox 401 2686 518 2750; x_wconf 90' lang='lat' dir='ltr'>induit.</span> <span class='ocrx_word' id='word_1_195' title='bbox 546 2687 682 2762; x_wconf 80' lang='lat' dir='ltr'>Qualem</span> <span class='ocrx_word' id='word_1_196' title='bbox 693 2687 835 2751; x_wconf 85' lang='lat' dir='ltr'>vidimus</span> <span class='ocrx_word' id='word_1_197' title='bbox 846 2689 907 2751; x_wconf 94' lang='lat' dir='ltr'>hoc</span> <span class='ocrx_word' id='word_1_198' title='bbox 918 2688 989 2769; x_wconf 90' lang='lat' dir='ltr'>ipso</span> <span class='ocrx_word' id='word_1_199' title='bbox 1001 2708 1087 2752; x_wconf 90' lang='lat' dir='ltr'>anno</span> <span class='ocrx_word' id='word_1_200' title='bbox 1099 2685 1156 2752; x_wconf 84' lang='lat'>47.</span> 
     </span>
     <span class='ocr_line' id='line_1_29' title="bbox 218 2771 1274 2857; baseline 0.003 -19"><span class='ocrx_word' id='word_1_201' title='bbox 218 2779 286 2838; x_wconf 86' lang='lat' dir='ltr'>toto</span> <span class='ocrx_word' id='word_1_202' title='bbox 314 2773 420 2838; x_wconf 89' lang='lat' dir='ltr'>triduo</span> <span class='ocrx_word' id='word_1_203' title='bbox 449 2782 624 2857; x_wconf 87' lang='lat' dir='ltr'>antequam</span> <span class='ocrx_word' id='word_1_204' title='bbox 650 2771 886 2840; x_wconf 80' lang='lat' dir='ltr'>illustrissimus</span> <span class='ocrx_word' id='word_1_205' title='bbox 910 2777 1067 2840; x_wconf 74' lang='lat' dir='ltr'>Saxoniac</span> <span class='ocrx_word' id='word_1_206' title='bbox 1095 2778 1158 2840; x_wconf 91' lang='lat' dir='ltr'>ele·</span> <span class='ocrx_word' id='word_1_207' title='bbox 1272 2787 1274 2852; x_wconf 74' lang='grc' dir='ltr'><em>ξ</em></span> 
     </span>
     <span class='ocr_line' id='line_1_30' title="bbox 218 2859 1274 2948; baseline 0.004 -21"><span class='ocrx_word' id='word_1_208' title='bbox 218 2870 286 2928; x_wconf 88' lang='lat' dir='ltr'>ctor</span> <span class='ocrx_word' id='word_1_209' title='bbox 315 2885 336 2927; x_wconf 88' lang='lat' dir='ltr'>a</span> <span class='ocrx_word' id='word_1_210' title='bbox 359 2865 470 2928; x_wconf 83' lang='lat' dir='ltr'>Carolo</span> <span class='ocrx_word' id='word_1_211' title='bbox 493 2865 626 2928; x_wconf 76' lang='lat' dir='ltr'>Caesare</span> <span class='ocrx_word' id='word_1_212' title='bbox 655 2867 691 2928; x_wconf 91' lang='lat' dir='ltr'>in</span> <span class='ocrx_word' id='word_1_213' title='bbox 714 2865 834 2947; x_wconf 87' lang='lat' dir='ltr'>praelio</span> <span class='ocrx_word' id='word_1_214' title='bbox 861 2871 974 2948; x_wconf 89' lang='lat' dir='ltr'>captus</span> <span class='ocrx_word' id='word_1_215' title='bbox 1002 2873 1059 2930; x_wconf 91' lang='lat' dir='ltr'>est.</span> <span class='ocrx_word' id='word_1_216' title='bbox 1106 2868 1159 2930; x_wconf 87' lang='lat' dir='ltr'>Ao</span> <span class='ocrx_word' id='word_1_217' title='bbox 1272 2859 1274 2940; x_wconf 76' lang='grc'><strong>1</strong></span> 
     </span>
     <span class='ocr_line' id='line_1_31' title="bbox 140 2954 1274 3030; baseline 0.004 -14"><span class='ocrx_word' id='word_1_218' title='bbox 140 2985 143 2990; x_wconf 93' lang='grc'>-</span> <span class='ocrx_word' id='word_1_219' title='bbox 217 2954 314 3017; x_wconf 91' lang='lat' dir='ltr'>multi</span> <span class='ocrx_word' id='word_1_220' title='bbox 328 2954 374 3016; x_wconf 73' lang='lat' dir='ltr'>&#39;in</span> <span class='ocrx_word' id='word_1_221' title='bbox 395 2973 433 3016; x_wconf 87' lang='lat' dir='ltr'>ea</span> <span class='ocrx_word' id='word_1_222' title='bbox 456 2959 533 3017; x_wconf 88' lang='lat' dir='ltr'>sunt</span> <span class='ocrx_word' id='word_1_223' title='bbox 555 2954 729 3030; x_wconf 89' lang='lat' dir='ltr'>sententia,</span> <span class='ocrx_word' id='word_1_224' title='bbox 753 2955 899 3018; x_wconf 81' lang='lat' dir='ltr'>futurum</span> <span class='ocrx_word' id='word_1_225' title='bbox 930 2955 1094 3020; x_wconf 80' lang='lat' dir='ltr'>ecclesiae</span> <span class='ocrx_word' id='word_1_226' title='bbox 1107 2955 1158 3018; x_wconf 88' lang='lat' dir='ltr'>lu·</span> <span class='ocrx_word' id='word_1_227' title='bbox 1272 2965 1274 3020; x_wconf 73' lang='grc' dir='ltr'><strong>ἑ</strong></span> 
     </span>
     <span class='ocr_line' id='line_1_32' title="bbox 217 3042 1274 3124; baseline 0 -20"><span class='ocrx_word' id='word_1_228' title='bbox 217 3048 307 3106; x_wconf 89' lang='lat' dir='ltr'>ctum</span> <span class='ocrx_word' id='word_1_229' title='bbox 318 3044 380 3105; x_wconf 91' lang='lat' dir='ltr'>hoc</span> <span class='ocrx_word' id='word_1_230' title='bbox 395 3042 493 3105; x_wconf 91' lang='lat' dir='ltr'>modo</span> <span class='ocrx_word' id='word_1_231' title='bbox 509 3043 736 3124; x_wconf 81' lang='lat' dir='ltr'>significatum,</span> <span class='ocrx_word' id='word_1_232' title='bbox 753 3063 835 3123; x_wconf 89' lang='lat' dir='ltr'>quae</span> <span class='ocrx_word' id='word_1_233' title='bbox 851 3045 911 3108; x_wconf 88' lang='lat' dir='ltr'>sub</span> <span class='ocrx_word' id='word_1_234' title='bbox 923 3045 1022 3110; x_wconf 88' lang='lat' dir='ltr'>finem</span> <span class='ocrx_word' id='word_1_235' title='bbox 1035 3045 1159 3108; x_wconf 88' lang='lat' dir='ltr'>mundi</span> <span class='ocrx_word' id='word_1_236' title='bbox 1272 3051 1274 3104; x_wconf 60' lang='grc'><strong>1</strong></span> 
     </span>
    </p>
   </div>
   <div class='ocr_carea' id='block_1_13' title="bbox 217 3130 1158 3214">
    <p class='ocr_par' dir='ltr' id='par_1_14' title="bbox 217 3130 1158 3214">
     <span class='ocr_line' id='line_1_33' title="bbox 217 3130 1158 3214; baseline 0.007 -22"><span class='ocrx_word' id='word_1_237' title='bbox 217 3130 404 3210; x_wconf 81' lang='lat' dir='ltr'>gravissime</span> <span class='ocrx_word' id='word_1_238' title='bbox 437 3131 649 3195; x_wconf 91' lang='lat' dir='ltr'>concutienda</span> <span class='ocrx_word' id='word_1_239' title='bbox 683 3136 732 3195; x_wconf 89' lang='lat' dir='ltr'>est</span> <span class='ocrx_word' id='word_1_240' title='bbox 765 3133 860 3195; x_wconf 91' lang='lat' dir='ltr'>variis</span> <span class='ocrx_word' id='word_1_241' title='bbox 893 3133 1158 3214; x_wconf 86' lang='lat' dir='ltr'>persecutionum</span> 
     </span>
    </p>
   </div>
   <div class='ocr_carea' id='block_1_14' title="bbox 157 3209 1274 3481">
    <p class='ocr_par' dir='ltr' id='par_1_15' title="bbox 157 3209 1274 3481">
     <span class='ocr_line' id='line_1_34' title="bbox 157 3209 1192 3304; baseline 0.005 -23"><span class='ocrx_word' id='word_1_242' title='bbox 157 3288 159 3291; x_wconf 54' lang='grc'><strong>,</strong></span> <span class='ocrx_word' id='word_1_243' title='bbox 217 3219 334 3294; x_wconf 90' lang='lat' dir='ltr'>modis,</span> <span class='ocrx_word' id='word_1_244' title='bbox 358 3217 485 3281; x_wconf 78' lang='lat' dir='ltr'>Christo</span> <span class='ocrx_word' id='word_1_245' title='bbox 508 3225 598 3283; x_wconf 83' lang='lat' dir='ltr'>teste.</span> <span class='ocrx_word' id='word_1_246' title='bbox 644 3221 720 3297; x_wconf 89' lang='lat' dir='ltr'>Alii,</span> <span class='ocrx_word' id='word_1_247' title='bbox 747 3226 784 3284; x_wconf 93' lang='lat' dir='ltr'>ut</span> <span class='ocrx_word' id='word_1_248' title='bbox 806 3221 1034 3302; x_wconf 88' lang='lat' dir='ltr'>Hieronymus,</span> <span class='ocrx_word' id='word_1_249' title='bbox 1059 3242 1157 3304; x_wconf 84' lang='lat' dir='ltr'>expo-</span> <span class='ocrx_word' id='word_1_250' title='bbox 1188 3209 1192 3214; x_wconf 43' lang='lat'>¹</span> 
     </span>
     <span class='ocr_line' id='line_1_35' title="bbox 217 3307 1274 3390; baseline 0.007 -21"><span class='ocrx_word' id='word_1_251' title='bbox 217 3307 364 3370; x_wconf 72' lang='lat' dir='ltr'>nunt-de</span> <span class='ocrx_word' id='word_1_252' title='bbox 387 3307 507 3387; x_wconf 84' lang='lat' dir='ltr'>linguis</span> <span class='ocrx_word' id='word_1_253' title='bbox 529 3309 642 3390; x_wconf 82' lang='lat' dir='ltr'>igneis,</span> <span class='ocrx_word' id='word_1_254' title='bbox 668 3329 725 3372; x_wconf 88' lang='lat' dir='ltr'>seu</span> <span class='ocrx_word' id='word_1_255' title='bbox 747 3309 888 3373; x_wconf 89' lang='lat' dir='ltr'>flammis</span> <span class='ocrx_word' id='word_1_256' title='bbox 911 3311 1158 3374; x_wconf 81' lang='lat' dir='ltr'>eoruscantibus</span> <span class='ocrx_word' id='word_1_257' title='bbox 1273 3309 1274 3378; x_wconf 78' lang='lat' dir='ltr'>J</span> 
     </span>
     <span class='ocr_line' id='line_1_36' title="bbox 218 3396 1274 3481; baseline 0.009 -24"><span class='ocrx_word' id='word_1_258' title='bbox 218 3396 252 3458; x_wconf 91' lang='lat' dir='ltr'>in</span> <span class='ocrx_word' id='word_1_259' title='bbox 280 3402 479 3478; x_wconf 81' lang='lat' dir='ltr'>pentecostes</span> <span class='ocrx_word' id='word_1_260' title='bbox 508 3397 576 3475; x_wconf 91' lang='lat' dir='ltr'>die,</span> <span class='ocrx_word' id='word_1_261' title='bbox 608 3417 666 3481; x_wconf 89' lang='lat' dir='ltr'>per</span> <span class='ocrx_word' id='word_1_262' title='bbox 694 3419 775 3479; x_wconf 90' lang='lat' dir='ltr'>quas</span> <span class='ocrx_word' id='word_1_263' title='bbox 803 3419 836 3462; x_wconf 86' lang='lat' dir='ltr'>se</span> <span class='ocrx_word' id='word_1_264' title='bbox 865 3399 996 3481; x_wconf 85' lang='lat' dir='ltr'>spiritus</span> <span class='ocrx_word' id='word_1_265' title='bbox 1024 3406 1158 3465; x_wconf 87' lang='lat' dir='ltr'>sanctus</span> <span class='ocrx_word' id='word_1_266' title='bbox 1273 3477 1274 3480; x_wconf 8' lang='grc' dir='ltr'><strong>Ἴ</strong></span> 
     </span>
    </p>
   </div>
   <div class='ocr_carea' id='block_1_15' title="bbox 217 3483 1158 3569">
    <p class='ocr_par' dir='ltr' id='par_1_16' title="bbox 217 3483 1158 3569">
     <span class='ocr_line' id='line_1_37' title="bbox 217 3483 1158 3569; baseline 0.002 -21"><span class='ocrx_word' id='word_1_267' title='bbox 217 3486 377 3550; x_wconf 85' lang='lat' dir='ltr'>revelavit.</span> <span class='ocrx_word' id='word_1_268' title='bbox 406 3486 494 3549; x_wconf 84' lang='lat' dir='ltr'>Sicut</span> <span class='ocrx_word' id='word_1_269' title='bbox 509 3488 646 3550; x_wconf 87' lang='lat' dir='ltr'>Ioannes</span> <span class='ocrx_word' id='word_1_270' title='bbox 664 3505 792 3567; x_wconf 88' lang='lat' dir='ltr'>quoque</span> <span class='ocrx_word' id='word_1_271' title='bbox 808 3487 972 3569; x_wconf 89' lang='lat' dir='ltr'>praedicit,</span> <span class='ocrx_word' id='word_1_272' title='bbox 982 3483 1158 3551; x_wconf 66' lang='lat' dir='ltr'>&#39;Christum</span> 
     </span>
    </p>
   </div>
   <div class='ocr_carea' id='block_1_16' title="bbox 217 3671 1274 3836">
    <p class='ocr_par' dir='ltr' id='par_1_17' title="bbox 217 3671 1274 3836">
     <span class='ocr_line' id='line_1_38' title="bbox 307 3671 1274 3764; baseline 0.004 -16"><span class='ocrx_word' id='word_1_273' title='bbox 307 3697 334 3763; x_wconf 91' lang='lat'>1)</span> <span class='ocrx_word' id='word_1_274' title='bbox 363 3696 429 3749; x_wconf 83' lang='lat' dir='ltr'>Ed:</span> <span class='ocrx_word' id='word_1_275' title='bbox 457 3695 602 3764; x_wconf 86' lang='lat' dir='ltr'>Ecclepsis</span> <span class='ocrx_word' id='word_1_276' title='bbox 629 3695 662 3750; x_wconf 92' lang='lat' dir='ltr'>in</span> <span class='ocrx_word' id='word_1_277' title='bbox 689 3697 824 3764; x_wconf 81' lang='lat' dir='ltr'>passione</span> <span class='ocrx_word' id='word_1_278' title='bbox 852 3697 984 3752; x_wconf 88' lang='lat' dir='ltr'>domini..</span> <span class='ocrx_word' id='word_1_279' title='bbox 1015 3697 1107 3754; x_wconf 87' lang='lat' dir='ltr'>Vuitt.</span> <span class='ocrx_word' id='word_1_280' title='bbox 1128 3701 1158 3752; x_wconf 90' lang='lat' dir='ltr'>et</span> <span class='ocrx_word' id='word_1_281' title='bbox 1272 3671 1274 3734; x_wconf 55' lang='grc'><strong>1</strong></span> 
     </span>
     <span class='ocr_line' id='line_1_39' title="bbox 217 3765 1274 3836; baseline 0.003 -18"><span class='ocrx_word' id='word_1_282' title='bbox 217 3765 291 3819; x_wconf 92' lang='lat' dir='ltr'>Ien.:</span> <span class='ocrx_word' id='word_1_283' title='bbox 310 3766 451 3833; x_wconf 85' lang='lat' dir='ltr'>Ecclipsis</span> <span class='ocrx_word' id='word_1_284' title='bbox 469 3782 530 3833; x_wconf 90' lang='lat' dir='ltr'>sqq.</span> <span class='ocrx_word' id='word_1_285' title='bbox 567 3766 595 3834; x_wconf 80' lang='lat'>2)</span> <span class='ocrx_word' id='word_1_286' title='bbox 614 3767 714 3824; x_wconf 89' lang='lat' dir='ltr'>Lunae</span> <span class='ocrx_word' id='word_1_287' title='bbox 732 3770 822 3836; x_wconf 75' lang='lat' dir='ltr'>signa</span> <span class='ocrx_word' id='word_1_288' title='bbox 858 3768 886 3836; x_wconf 86' lang='lat'>3)</span> <span class='ocrx_word' id='word_1_289' title='bbox 905 3769 992 3835; x_wconf 81' lang='lat' dir='ltr'>Ignis.</span> <span class='ocrx_word' id='word_1_290' title='bbox 1065 3807 1067 3809; x_wconf 75' lang='lat'>.</span> <span class='ocrx_word' id='word_1_291' title='bbox 1158 3805 1162 3812; x_wconf 78' lang='lat'><strong>·</strong></span> <span class='ocrx_word' id='word_1_292' title='bbox 1273 3769 1274 3776; x_wconf 76' lang='grc'>’</span> 
     </span>
    </p>
   </div>
   <div class='ocr_carea' id='block_1_17' title="bbox 0 0 1296 4267">
    <p class='ocr_par' dir='ltr' id='par_1_18' title="bbox 0 0 1296 4267">
     <span class='ocr_line' id='line_1_40' title="bbox 0 0 1296 4267; baseline 0 1"><span class='ocrx_word' id='word_1_293' title='bbox 0 0 1296 4267; x_wconf 95' lang='lat' dir='ltr'> </span> 
     </span>
    </p>
   </div>
  </div>
 </body>
</html>
