<?xml version="1.0" encoding="UTF-8"?>
<!DOCTYPE html PUBLIC "-//W3C//DTD XHTML 1.0 Transitional//EN"
    "http://www.w3.org/TR/xhtml1/DTD/xhtml1-transitional.dtd">
<html xmlns="http://www.w3.org/1999/xhtml" xml:lang="en" lang="en">
 <head>
  <title>
</title>
<meta http-equiv="Content-Type" content="text/html;charset=utf-8" />
  <meta name='ocr-system' content='tesseract 3.04.00' />
  <meta name='ocr-capabilities' content='ocr_page ocr_carea ocr_par ocr_line ocrx_word'/>
</head>
<body>
  <div class='ocr_page' id='page_1' title='image "./exegeticaoperal12luthgoog_0214.png"; bbox 0 0 2584 4267; ppageno 0'>
   <div class='ocr_carea' id='block_1_1' title="bbox 405 296 1027 384">
    <p class='ocr_par' dir='ltr' id='par_1_1' title="bbox 405 296 1027 384">
     <span class='ocr_line' id='line_1_1' title="bbox 405 296 1027 384; baseline 0.002 -24"><span class='ocrx_word' id='word_1_1' title='bbox 405 296 505 360; x_wconf 89' lang='lat' dir='ltr'><strong>Joelis</strong></span> <span class='ocrx_word' id='word_1_2' title='bbox 526 298 712 384; x_wconf 84' lang='lat' dir='ltr'><strong>prophatae.</strong></span> <span class='ocrx_word' id='word_1_3' title='bbox 963 299 1027 362; x_wconf 85' lang='lat'><strong>203</strong></span> 
     </span>
    </p>
   </div>
   <div class='ocr_carea' id='block_1_2' title="bbox 73 473 1029 3020">
    <p class='ocr_par' dir='ltr' id='par_1_2' title="bbox 73 473 1028 1616">
     <span class='ocr_line' id='line_1_2' title="bbox 99 473 1027 552; baseline -0.001 -12"><span class='ocrx_word' id='word_1_4' title='bbox 99 482 202 540; x_wconf 86' lang='lat' dir='ltr'><strong>autem</strong></span> <span class='ocrx_word' id='word_1_5' title='bbox 222 473 271 538; x_wconf 90' lang='lat' dir='ltr'><strong>bis</strong></span> <span class='ocrx_word' id='word_1_6' title='bbox 289 492 404 536; x_wconf 87' lang='lat' dir='ltr'><strong>snmus</strong></span> <span class='ocrx_word' id='word_1_7' title='bbox 418 473 537 552; x_wconf 89' lang='lat' dir='ltr'><strong>miseri,</strong></span> <span class='ocrx_word' id='word_1_8' title='bbox 561 474 672 538; x_wconf 85' lang='lat' dir='ltr'><strong>sitam</strong></span> <span class='ocrx_word' id='word_1_9' title='bbox 686 474 832 538; x_wconf 79' lang='lat' dir='ltr'>horribili</span> <span class='ocrx_word' id='word_1_10' title='bbox 846 475 1027 539; x_wconf 77' lang='lat' dir='ltr'><strong>calamitate</strong></span> 
     </span>
     <span class='ocr_line' id='line_1_3' title="bbox 99 561 1027 644; baseline -0.003 -15"><span class='ocrx_word' id='word_1_11' title='bbox 99 571 129 629; x_wconf 89' lang='lat' dir='ltr'><strong>ct</strong></span> <span class='ocrx_word' id='word_1_12' title='bbox 148 571 214 628; x_wconf 89' lang='lat' dir='ltr'><strong>tam</strong></span> <span class='ocrx_word' id='word_1_13' title='bbox 238 561 331 627; x_wconf 86' lang='lat' dir='ltr'><strong>suavi</strong></span> <span class='ocrx_word' id='word_1_14' title='bbox 358 562 511 626; x_wconf 82' lang='lat' dir='ltr'><strong>concione</strong></span> <span class='ocrx_word' id='word_1_15' title='bbox 540 583 607 626; x_wconf 91' lang='lat' dir='ltr'><strong>non</strong></span> <span class='ocrx_word' id='word_1_16' title='bbox 634 583 811 628; x_wconf 88' lang='lat' dir='ltr'><strong>movemur.</strong></span> <span class='ocrx_word' id='word_1_17' title='bbox 858 565 1027 644; x_wconf 67' lang='lat' dir='ltr'><strong>Utrimque</strong></span> 
     </span>
     <span class='ocr_line' id='line_1_4' title="bbox 98 651 1028 738; baseline -0.001 -21"><span class='ocrx_word' id='word_1_18' title='bbox 98 653 180 717; x_wconf 89' lang='lat' dir='ltr'><strong>enim</strong></span> <span class='ocrx_word' id='word_1_19' title='bbox 210 651 253 716; x_wconf 92' lang='lat' dir='ltr'><strong>ob</strong></span> <span class='ocrx_word' id='word_1_20' title='bbox 285 651 396 715; x_wconf 92' lang='lat' dir='ltr'><strong>oculos</strong></span> <span class='ocrx_word' id='word_1_21' title='bbox 429 657 487 717; x_wconf 88' lang='lat' dir='ltr'><strong>est.</strong></span> <span class='ocrx_word' id='word_1_22' title='bbox 537 651 698 733; x_wconf 76' lang='lat' dir='ltr'>Rogemus</span> <span class='ocrx_word' id='word_1_23' title='bbox 731 653 828 734; x_wconf 86' lang='lat' dir='ltr'><strong>igitur</strong></span> <span class='ocrx_word' id='word_1_24' title='bbox 863 659 1028 738; x_wconf 78' lang='lat' dir='ltr'><strong>aeternum</strong></span> 
     </span>
     <span class='ocr_line' id='line_1_5' title="bbox 97 740 1028 824; baseline -0.002 -18"><span class='ocrx_word' id='word_1_25' title='bbox 97 749 214 824; x_wconf 84' lang='lat' dir='ltr'><strong>patrem</strong></span> <span class='ocrx_word' id='word_1_26' title='bbox 234 740 361 804; x_wconf 90' lang='lat' dir='ltr'><strong>domini</strong></span> <span class='ocrx_word' id='word_1_27' title='bbox 383 740 484 804; x_wconf 77' lang='lat' dir='ltr'><strong>nostri</strong></span> <span class='ocrx_word' id='word_1_28' title='bbox 505 741 581 804; x_wconf 87' lang='lat' dir='ltr'><strong>Iesu</strong></span> <span class='ocrx_word' id='word_1_29' title='bbox 603 741 735 819; x_wconf 81' lang='lat' dir='ltr'><strong>Christi,</strong></span> <span class='ocrx_word' id='word_1_30' title='bbox 764 749 803 806; x_wconf 92' lang='lat' dir='ltr'><strong>nt</strong></span> <span class='ocrx_word' id='word_1_31' title='bbox 824 741 876 804; x_wconf 87' lang='lat' dir='ltr'><strong>his</strong></span> <span class='ocrx_word' id='word_1_32' title='bbox 903 741 1028 804; x_wconf 89' lang='lat' dir='ltr'><strong>miseris</strong></span> 
     </span>
     <span class='ocr_line' id='line_1_6' title="bbox 99 829 1028 912; baseline 0.001 -20"><span class='ocrx_word' id='word_1_33' title='bbox 99 836 128 894; x_wconf 91' lang='lat' dir='ltr'><strong>et</strong></span> <span class='ocrx_word' id='word_1_34' title='bbox 145 830 331 912; x_wconf 80' lang='lat' dir='ltr'><strong>periculosis</strong></span> <span class='ocrx_word' id='word_1_35' title='bbox 353 830 553 911; x_wconf 85' lang='lat' dir='ltr'><strong>temporibus</strong></span> <span class='ocrx_word' id='word_1_36' title='bbox 575 849 633 912; x_wconf 90' lang='lat' dir='ltr'><strong>per</strong></span> <span class='ocrx_word' id='word_1_37' title='bbox 656 849 752 894; x_wconf 90' lang='lat' dir='ltr'><strong>suum</strong></span> <span class='ocrx_word' id='word_1_38' title='bbox 767 829 918 912; x_wconf 89' lang='lat' dir='ltr'><strong>spiritum</strong></span> <span class='ocrx_word' id='word_1_39' title='bbox 933 831 1028 893; x_wconf 90' lang='lat' dir='ltr'><strong>corda</strong></span> 
     </span>
     <span class='ocr_line' id='line_1_7' title="bbox 99 918 1027 1000; baseline 0 -18"><span class='ocrx_word' id='word_1_40' title='bbox 99 925 198 983; x_wconf 85' lang='lat' dir='ltr'><strong>nostra</strong></span> <span class='ocrx_word' id='word_1_41' title='bbox 225 918 268 982; x_wconf 91' lang='lat' dir='ltr'><strong>ad</strong></span> <span class='ocrx_word' id='word_1_42' title='bbox 294 936 405 983; x_wconf 86' lang='lat' dir='ltr'><strong>veram</strong></span> <span class='ocrx_word' id='word_1_43' title='bbox 433 919 666 1000; x_wconf 88' lang='lat' dir='ltr'><strong>poenitentiam</strong></span> <span class='ocrx_word' id='word_1_44' title='bbox 695 918 825 995; x_wconf 85' lang='lat' dir='ltr'><strong>excitet,</strong></span> <span class='ocrx_word' id='word_1_45' title='bbox 861 925 899 982; x_wconf 81' lang='lat' dir='ltr'><strong>ut</strong></span> <span class='ocrx_word' id='word_1_46' title='bbox 928 924 1027 983; x_wconf 87' lang='lat' dir='ltr'><strong>atten-</strong></span> 
     </span>
     <span class='ocr_line' id='line_1_8' title="bbox 99 1007 1027 1088; baseline -0.001 -17"><span class='ocrx_word' id='word_1_47' title='bbox 99 1007 203 1071; x_wconf 78' lang='lat' dir='ltr'><strong>dentes</strong></span> <span class='ocrx_word' id='word_1_48' title='bbox 223 1007 323 1085; x_wconf 79' lang='lat' dir='ltr'><strong>uerbo</strong></span> <span class='ocrx_word' id='word_1_49' title='bbox 344 1026 515 1072; x_wconf 83' lang='lat' dir='ltr'><strong>caveamus</strong></span> <span class='ocrx_word' id='word_1_50' title='bbox 537 1007 690 1070; x_wconf 87' lang='lat' dir='ltr'><strong>scandala</strong></span> <span class='ocrx_word' id='word_1_51' title='bbox 707 1015 740 1072; x_wconf 90' lang='lat' dir='ltr'><strong>et</strong></span> <span class='ocrx_word' id='word_1_52' title='bbox 755 1008 836 1071; x_wconf 90' lang='lat' dir='ltr'><strong>serio</strong></span> <span class='ocrx_word' id='word_1_53' title='bbox 851 1008 1027 1088; x_wconf 81' lang='lat' dir='ltr'><strong>cogitemus</strong></span> 
     </span>
     <span class='ocr_line' id='line_1_9' title="bbox 99 1094 1028 1161; baseline 0 -1"><span class='ocrx_word' id='word_1_54' title='bbox 99 1096 135 1160; x_wconf 87' lang='lat' dir='ltr'><strong>de</strong></span> <span class='ocrx_word' id='word_1_55' title='bbox 156 1094 357 1160; x_wconf 91' lang='lat' dir='ltr'><strong>emendanda</strong></span> <span class='ocrx_word' id='word_1_56' title='bbox 378 1096 445 1160; x_wconf 87' lang='lat' dir='ltr'><strong>vita</strong></span> <span class='ocrx_word' id='word_1_57' title='bbox 472 1101 506 1159; x_wconf 90' lang='lat' dir='ltr'><strong>et</strong></span> <span class='ocrx_word' id='word_1_58' title='bbox 532 1115 609 1160; x_wconf 83' lang='lat' dir='ltr'><strong>vera</strong></span> <span class='ocrx_word' id='word_1_59' title='bbox 629 1096 694 1160; x_wconf 90' lang='lat' dir='ltr'><strong>fide</strong></span> <span class='ocrx_word' id='word_1_60' title='bbox 716 1097 901 1161; x_wconf 83' lang='lat' dir='ltr'><strong>invocemus</strong></span> <span class='ocrx_word' id='word_1_61' title='bbox 924 1097 1028 1160; x_wconf 90' lang='lat' dir='ltr'><strong>filium</strong></span> 
     </span>
     <span class='ocr_line' id='line_1_10' title="bbox 73 1184 1027 1266; baseline 0.001 -19"><span class='ocrx_word' id='word_1_62' title='bbox 73 1238 75 1247; x_wconf 93' lang='lat'><em>.</em></span> <span class='ocrx_word' id='word_1_63' title='bbox 99 1184 156 1261; x_wconf 91' lang='lat' dir='ltr'><strong>dei,</strong></span> <span class='ocrx_word' id='word_1_64' title='bbox 176 1191 213 1248; x_wconf 90' lang='lat' dir='ltr'><strong>ut</strong></span> <span class='ocrx_word' id='word_1_65' title='bbox 233 1191 267 1249; x_wconf 86' lang='lat' dir='ltr'><strong>et</strong></span> <span class='ocrx_word' id='word_1_66' title='bbox 281 1187 458 1248; x_wconf 70' lang='lat' dir='ltr'><strong>linearum</strong></span> <span class='ocrx_word' id='word_1_67' title='bbox 481 1184 622 1248; x_wconf 85' lang='lat' dir='ltr'><strong>furorem</strong></span> <span class='ocrx_word' id='word_1_68' title='bbox 643 1185 798 1266; x_wconf 86' lang='lat' dir='ltr'><strong>reprimat</strong></span> <span class='ocrx_word' id='word_1_69' title='bbox 819 1190 852 1248; x_wconf 90' lang='lat' dir='ltr'><strong>et</strong></span> <span class='ocrx_word' id='word_1_70' title='bbox 865 1184 1027 1266; x_wconf 87' lang='lat' dir='ltr'><strong>pontificis</strong></span> 
     </span>
     <span class='ocr_line' id='line_1_11' title="bbox 100 1272 1028 1355; baseline 0 -19"><span class='ocrx_word' id='word_1_71' title='bbox 100 1274 192 1354; x_wconf 87' lang='lat' dir='ltr'><strong>impia</strong></span> <span class='ocrx_word' id='word_1_72' title='bbox 212 1273 347 1338; x_wconf 88' lang='lat' dir='ltr'><strong>consilia</strong></span> <span class='ocrx_word' id='word_1_73' title='bbox 367 1272 538 1355; x_wconf 84' lang='lat' dir='ltr'><strong>impediat,</strong></span> <span class='ocrx_word' id='word_1_74' title='bbox 562 1292 603 1335; x_wconf 91' lang='lat' dir='ltr'><strong>ne</strong></span> <span class='ocrx_word' id='word_1_75' title='bbox 632 1273 769 1338; x_wconf 72' lang='lat' dir='ltr'><strong>trnbatis</strong></span> <span class='ocrx_word' id='word_1_76' title='bbox 796 1292 854 1355; x_wconf 87' lang='lat' dir='ltr'><strong>per</strong></span> <span class='ocrx_word' id='word_1_77' title='bbox 882 1273 967 1336; x_wconf 92' lang='lat' dir='ltr'><strong>bella</strong></span> <span class='ocrx_word' id='word_1_78' title='bbox 994 1279 1028 1336; x_wconf 90' lang='lat' dir='ltr'><strong>et</strong></span> 
     </span>
     <span class='ocr_line' id='line_1_12' title="bbox 102 1361 1027 1442; baseline -0.001 -17"><span class='ocrx_word' id='word_1_79' title='bbox 102 1361 204 1426; x_wconf 66' lang='lat' dir='ltr'><strong>aedes</strong></span> <span class='ocrx_word' id='word_1_80' title='bbox 226 1362 367 1426; x_wconf 85' lang='lat' dir='ltr'><strong>ecclesiis</strong></span> <span class='ocrx_word' id='word_1_81' title='bbox 388 1362 447 1424; x_wconf 88' lang='lat' dir='ltr'><strong>lux</strong></span> <span class='ocrx_word' id='word_1_82' title='bbox 468 1361 573 1438; x_wconf 81' lang='lat' dir='ltr'><strong>uerbi,</strong></span> <span class='ocrx_word' id='word_1_83' title='bbox 603 1381 670 1442; x_wconf 88' lang='lat' dir='ltr'><strong>qua</strong></span> <span class='ocrx_word' id='word_1_84' title='bbox 696 1363 764 1426; x_wconf 87' lang='lat' dir='ltr'><strong>sola</strong></span> <span class='ocrx_word' id='word_1_85' title='bbox 793 1361 835 1426; x_wconf 86' lang='lat' dir='ltr'><strong>ad</strong></span> <span class='ocrx_word' id='word_1_86' title='bbox 864 1368 1027 1427; x_wconf 86' lang='lat' dir='ltr'><strong>aeternam</strong></span> 
     </span>
     <span class='ocr_line' id='line_1_13' title="bbox 102 1449 1025 1534; baseline 0.001 -22"><span class='ocrx_word' id='word_1_87' title='bbox 102 1450 191 1513; x_wconf 75' lang='lat' dir='ltr'><strong>vitam</strong></span> <span class='ocrx_word' id='word_1_88' title='bbox 204 1449 257 1516; x_wconf 84' lang='lat' dir='ltr'><strong>via</strong></span> <span class='ocrx_word' id='word_1_89' title='bbox 276 1450 465 1527; x_wconf 87' lang='lat' dir='ltr'><strong>ostenditur,</strong></span> <span class='ocrx_word' id='word_1_90' title='bbox 489 1450 619 1533; x_wconf 89' lang='lat' dir='ltr'><strong>penitus</strong></span> <span class='ocrx_word' id='word_1_91' title='bbox 633 1451 722 1534; x_wconf 89' lang='lat' dir='ltr'><strong>apud</strong></span> <span class='ocrx_word' id='word_1_92' title='bbox 737 1470 796 1515; x_wconf 93' lang='lat' dir='ltr'><strong>nos</strong></span> <span class='ocrx_word' id='word_1_93' title='bbox 810 1451 1025 1532; x_wconf 85' lang='lat' dir='ltr'><strong>extinguatur.</strong></span> 
     </span>
     <span class='ocr_line' id='line_1_14' title="bbox 102 1539 343 1616; baseline -0.004 -14"><span class='ocrx_word' id='word_1_94' title='bbox 102 1539 204 1616; x_wconf 83' lang='lat' dir='ltr'><strong>Amen,</strong></span> <span class='ocrx_word' id='word_1_95' title='bbox 226 1540 343 1602; x_wconf 88' lang='lat' dir='ltr'><strong>Amen.</strong></span> 
     </span>
    </p>

    <p class='ocr_par' dir='ltr' id='par_1_3' title="bbox 73 1627 1029 3020">
     <span class='ocr_line' id='line_1_15' title="bbox 179 1627 1027 1710; baseline 0 -20"><span class='ocrx_word' id='word_1_96' title='bbox 179 1628 372 1709; x_wconf 86' lang='lat' dir='ltr'><strong>Interpretas</strong></span> <span class='ocrx_word' id='word_1_97' title='bbox 393 1628 591 1710; x_wconf 87' lang='lat' dir='ltr'><strong>plaerunque</strong></span> <span class='ocrx_word' id='word_1_98' title='bbox 612 1627 733 1692; x_wconf 91' lang='lat' dir='ltr'><strong>hocin</strong></span> <span class='ocrx_word' id='word_1_99' title='bbox 760 1628 831 1692; x_wconf 94' lang='lat' dir='ltr'><strong>loco</strong></span> <span class='ocrx_word' id='word_1_100' title='bbox 859 1627 1027 1692; x_wconf 83' lang='lat' dir='ltr'><strong>historiam</strong></span> 
     </span>
     <span class='ocr_line' id='line_1_16' title="bbox 102 1715 1028 1799; baseline 0.001 -21"><span class='ocrx_word' id='word_1_101' title='bbox 102 1722 257 1796; x_wconf 75' lang='lat' dir='ltr'><strong>quaesunt,</strong></span> <span class='ocrx_word' id='word_1_102' title='bbox 270 1716 358 1797; x_wconf 90' lang='lat' dir='ltr'><strong>quod</strong></span> <span class='ocrx_word' id='word_1_103' title='bbox 366 1716 407 1780; x_wconf 90' lang='lat' dir='ltr'><strong>de</strong></span> <span class='ocrx_word' id='word_1_104' title='bbox 417 1717 596 1798; x_wconf 76' lang='lat' dir='ltr'><strong>aquilonari</strong></span> <span class='ocrx_word' id='word_1_105' title='bbox 603 1715 811 1799; x_wconf 88' lang='lat' dir='ltr'><strong>propellendo</strong></span> <span class='ocrx_word' id='word_1_106' title='bbox 821 1717 857 1779; x_wconf 92' lang='lat' dir='ltr'><strong>in</strong></span> <span class='ocrx_word' id='word_1_107' title='bbox 865 1716 1028 1780; x_wconf 87' lang='lat' dir='ltr'><strong>desertum</strong></span> 
     </span>
     <span class='ocr_line' id='line_1_17' title="bbox 106 1804 1027 1885; baseline 0.001 -19"><span class='ocrx_word' id='word_1_108' title='bbox 106 1809 134 1867; x_wconf 89' lang='lat' dir='ltr'><strong>et</strong></span> <span class='ocrx_word' id='word_1_109' title='bbox 152 1804 191 1867; x_wconf 85' lang='lat' dir='ltr'><strong>ad</strong></span> <span class='ocrx_word' id='word_1_110' title='bbox 210 1805 365 1875; x_wconf 88' lang='lat' dir='ltr'><strong>ultimum</strong></span> <span class='ocrx_word' id='word_1_111' title='bbox 393 1825 483 1868; x_wconf 84' lang='lat' dir='ltr'><strong>mare</strong></span> <span class='ocrx_word' id='word_1_112' title='bbox 510 1805 663 1869; x_wconf 88' lang='lat' dir='ltr'><strong>minatur.</strong></span> <span class='ocrx_word' id='word_1_113' title='bbox 709 1804 801 1867; x_wconf 89' lang='lat' dir='ltr'><strong>Alius</strong></span> <span class='ocrx_word' id='word_1_114' title='bbox 830 1805 965 1885; x_wconf 87' lang='lat' dir='ltr'><strong>exponit</strong></span> <span class='ocrx_word' id='word_1_115' title='bbox 986 1804 1027 1867; x_wconf 89' lang='lat' dir='ltr'><strong>de</strong></span> 
     </span>
     <span class='ocr_line' id='line_1_18' title="bbox 106 1891 1027 1974; baseline 0.001 -19"><span class='ocrx_word' id='word_1_116' title='bbox 106 1891 276 1971; x_wconf 79' lang='lat' dir='ltr'><strong>Senaherib,</strong></span> <span class='ocrx_word' id='word_1_117' title='bbox 300 1913 399 1974; x_wconf 90' lang='lat' dir='ltr'><strong>quem</strong></span> <span class='ocrx_word' id='word_1_118' title='bbox 420 1900 531 1958; x_wconf 86' lang='lat' dir='ltr'><strong>tamen</strong></span> <span class='ocrx_word' id='word_1_119' title='bbox 552 1894 588 1956; x_wconf 91' lang='lat' dir='ltr'><strong>in</strong></span> <span class='ocrx_word' id='word_1_120' title='bbox 605 1913 704 1973; x_wconf 88' lang='lat' dir='ltr'><strong>regno</strong></span> <span class='ocrx_word' id='word_1_121' title='bbox 719 1912 788 1969; x_wconf 89' lang='lat' dir='ltr'><strong>suc,</strong></span> <span class='ocrx_word' id='word_1_122' title='bbox 812 1911 887 1954; x_wconf 90' lang='lat' dir='ltr'><strong>cum</strong></span> <span class='ocrx_word' id='word_1_123' title='bbox 902 1893 1027 1956; x_wconf 89' lang='lat' dir='ltr'><strong>Ninivis</strong></span> 
     </span>
     <span class='ocr_line' id='line_1_19' title="bbox 73 1980 1028 2064; baseline 0.001 -21"><span class='ocrx_word' id='word_1_124' title='bbox 73 1984 75 1993; x_wconf 91' lang='lat'>&#39;</span> <span class='ocrx_word' id='word_1_125' title='bbox 106 1980 271 2064; x_wconf 84' lang='lat' dir='ltr'><strong>intemplo</strong></span> <span class='ocrx_word' id='word_1_126' title='bbox 293 1982 441 2046; x_wconf 74' lang='lat' dir='ltr'><strong>adornet</strong></span> <span class='ocrx_word' id='word_1_127' title='bbox 462 1983 587 2046; x_wconf 92' lang='lat' dir='ltr'><strong>idolum</strong></span> <span class='ocrx_word' id='word_1_128' title='bbox 609 2001 720 2057; x_wconf 90' lang='lat' dir='ltr'><strong>suurn,</strong></span> <span class='ocrx_word' id='word_1_129' title='bbox 749 1981 890 2045; x_wconf 88' lang='lat' dir='ltr'><strong>filiorum</strong></span> <span class='ocrx_word' id='word_1_130' title='bbox 913 1981 1028 2062; x_wconf 81' lang='lat' dir='ltr'><strong>gladiis</strong></span> 
     </span>
     <span class='ocr_line' id='line_1_20' title="bbox 105 2068 1026 2151; baseline 0.002 -21"><span class='ocrx_word' id='word_1_131' title='bbox 105 2068 271 2150; x_wconf 77' lang='lat' dir='ltr'><strong>iugulanm</strong></span> <span class='ocrx_word' id='word_1_132' title='bbox 299 2076 434 2136; x_wconf 90' lang='lat' dir='ltr'><strong>constat.</strong></span> <span class='ocrx_word' id='word_1_133' title='bbox 484 2071 577 2134; x_wconf 81' lang='lat' dir='ltr'><strong>Alius</strong></span> <span class='ocrx_word' id='word_1_134' title='bbox 605 2070 647 2134; x_wconf 90' lang='lat' dir='ltr'><strong>de</strong></span> <span class='ocrx_word' id='word_1_135' title='bbox 673 2069 851 2151; x_wconf 87' lang='lat' dir='ltr'><strong>Babylonio</strong></span> <span class='ocrx_word' id='word_1_136' title='bbox 879 2076 1026 2150; x_wconf 86' lang='lat' dir='ltr'><strong>tyranno,</strong></span> 
     </span>
     <span class='ocr_line' id='line_1_21' title="bbox 106 2156 1029 2240; baseline 0.003 -21"><span class='ocrx_word' id='word_1_137' title='bbox 106 2156 224 2238; x_wconf 91' lang='lat' dir='ltr'><strong>dequo</strong></span> <span class='ocrx_word' id='word_1_138' title='bbox 253 2159 368 2223; x_wconf 88' lang='lat' dir='ltr'><strong>itidem</strong></span> <span class='ocrx_word' id='word_1_139' title='bbox 396 2164 523 2224; x_wconf 88' lang='lat' dir='ltr'><strong>constat</strong></span> <span class='ocrx_word' id='word_1_140' title='bbox 555 2159 591 2222; x_wconf 91' lang='lat' dir='ltr'><strong>in</strong></span> <span class='ocrx_word' id='word_1_141' title='bbox 624 2178 695 2222; x_wconf 91' lang='lat' dir='ltr'><strong>arce</strong></span> <span class='ocrx_word' id='word_1_142' title='bbox 723 2158 903 2240; x_wconf 90' lang='lat' dir='ltr'><strong>Babylonia</strong></span> <span class='ocrx_word' id='word_1_143' title='bbox 930 2165 1029 2222; x_wconf 91' lang='lat' dir='ltr'><strong>noctu</strong></span> 
     </span>
     <span class='ocr_line' id='line_1_22' title="bbox 107 2247 1027 2328; baseline 0.002 -20"><span class='ocrx_word' id='word_1_144' title='bbox 107 2265 293 2328; x_wconf 86' lang='lat' dir='ltr'><strong>oppressum.</strong></span> <span class='ocrx_word' id='word_1_145' title='bbox 353 2248 425 2310; x_wconf 90' lang='lat' dir='ltr'><strong>Hae</strong></span> <span class='ocrx_word' id='word_1_146' title='bbox 458 2247 725 2312; x_wconf 80' lang='lat' dir='ltr'><strong>hallucinationes</strong></span> <span class='ocrx_word' id='word_1_147' title='bbox 762 2247 838 2311; x_wconf 86' lang='lat' dir='ltr'><strong>inde</strong></span> <span class='ocrx_word' id='word_1_148' title='bbox 871 2249 1027 2324; x_wconf 89' lang='lat' dir='ltr'><strong>oriuntur,</strong></span> 
     </span>
     <span class='ocr_line' id='line_1_23' title="bbox 105 2335 1027 2418; baseline 0.002 -20"><span class='ocrx_word' id='word_1_149' title='bbox 105 2335 180 2413; x_wconf 87' lang='lat' dir='ltr'><strong>quod</strong></span> <span class='ocrx_word' id='word_1_150' title='bbox 200 2355 317 2418; x_wconf 89' lang='lat' dir='ltr'><strong>parum</strong></span> <span class='ocrx_word' id='word_1_151' title='bbox 343 2342 464 2401; x_wconf 83' lang='lat' dir='ltr'><strong>attente</strong></span> <span class='ocrx_word' id='word_1_152' title='bbox 492 2337 664 2401; x_wconf 86' lang='lat' dir='ltr'><strong>observant</strong></span> <span class='ocrx_word' id='word_1_153' title='bbox 691 2335 838 2400; x_wconf 83' lang='lat' dir='ltr'><strong>ordinem</strong></span> <span class='ocrx_word' id='word_1_154' title='bbox 867 2357 932 2418; x_wconf 90' lang='lat' dir='ltr'><strong>quo</strong></span> <span class='ocrx_word' id='word_1_155' title='bbox 958 2356 1027 2418; x_wconf 82' lang='lat' dir='ltr'><strong>pro</strong></span> 
     </span>
     <span class='ocr_line' id='line_1_24' title="bbox 106 2422 1028 2508; baseline 0.003 -22"><span class='ocrx_word' id='word_1_156' title='bbox 106 2422 190 2502; x_wconf 89' lang='lat' dir='ltr'><strong>pheta</strong></span> <span class='ocrx_word' id='word_1_157' title='bbox 214 2425 326 2489; x_wconf 88' lang='lat' dir='ltr'><strong>utitur.</strong></span> <span class='ocrx_word' id='word_1_158' title='bbox 372 2425 432 2489; x_wconf 79' lang='lat' dir='ltr'><strong>list</strong></span> <span class='ocrx_word' id='word_1_159' title='bbox 453 2425 542 2488; x_wconf 92' lang='lat' dir='ltr'><strong>enim</strong></span> <span class='ocrx_word' id='word_1_160' title='bbox 563 2431 651 2489; x_wconf 90' lang='lat' dir='ltr'><strong>totus</strong></span> <span class='ocrx_word' id='word_1_161' title='bbox 672 2425 727 2489; x_wconf 90' lang='lat' dir='ltr'><strong>hic</strong></span> <span class='ocrx_word' id='word_1_162' title='bbox 746 2426 836 2490; x_wconf 87' lang='lat' dir='ltr'><strong>locus</strong></span> <span class='ocrx_word' id='word_1_163' title='bbox 858 2425 1028 2508; x_wconf 88' lang='lat' dir='ltr'><strong>promissio</strong></span> 
     </span>
     <span class='ocr_line' id='line_1_25' title="bbox 106 2509 1028 2596; baseline 0.004 -24"><span class='ocrx_word' id='word_1_164' title='bbox 106 2509 139 2574; x_wconf 93' lang='lat' dir='ltr'><strong>de</strong></span> <span class='ocrx_word' id='word_1_165' title='bbox 156 2510 263 2577; x_wconf 74' lang='lat' dir='ltr'><strong>suana</strong></span> <span class='ocrx_word' id='word_1_166' title='bbox 283 2514 484 2591; x_wconf 86' lang='lat' dir='ltr'><strong>liberatione,</strong></span> <span class='ocrx_word' id='word_1_167' title='bbox 515 2514 544 2577; x_wconf 91' lang='lat' dir='ltr'><strong>si</strong></span> <span class='ocrx_word' id='word_1_168' title='bbox 565 2515 705 2596; x_wconf 85' lang='lat' dir='ltr'><strong>populus</strong></span> <span class='ocrx_word' id='word_1_169' title='bbox 727 2515 769 2578; x_wconf 88' lang='lat' dir='ltr'><strong>ad</strong></span> <span class='ocrx_word' id='word_1_170' title='bbox 791 2534 867 2577; x_wconf 90' lang='lat' dir='ltr'><strong>eum</strong></span> <span class='ocrx_word' id='word_1_171' title='bbox 894 2513 1028 2578; x_wconf 91' lang='lat' dir='ltr'><strong>modum</strong></span> 
     </span>
     <span class='ocr_line' id='line_1_26' title="bbox 106 2601 1028 2685; baseline 0 -21"><span class='ocrx_word' id='word_1_172' title='bbox 106 2601 323 2680; x_wconf 85' lang='lat' dir='ltr'><strong>poenitentiam</strong></span> <span class='ocrx_word' id='word_1_173' title='bbox 337 2609 421 2683; x_wconf 88' lang='lat' dir='ltr'><strong>agat,</strong></span> <span class='ocrx_word' id='word_1_174' title='bbox 437 2619 537 2683; x_wconf 89' lang='lat' dir='ltr'><strong>quem</strong></span> <span class='ocrx_word' id='word_1_175' title='bbox 549 2604 709 2685; x_wconf 85' lang='lat' dir='ltr'><strong>propheta</strong></span> <span class='ocrx_word' id='word_1_176' title='bbox 722 2603 918 2684; x_wconf 86' lang='lat' dir='ltr'><strong>praescribit.</strong></span> <span class='ocrx_word' id='word_1_177' title='bbox 947 2602 1028 2664; x_wconf 82' lang='lat' dir='ltr'><strong>Cum</strong></span> 
     </span>
     <span class='ocr_line' id='line_1_27' title="bbox 108 2691 1027 2774; baseline 0.001 -23"><span class='ocrx_word' id='word_1_178' title='bbox 108 2695 201 2753; x_wconf 81' lang='lat' dir='ltr'><strong>mtem</strong></span> <span class='ocrx_word' id='word_1_179' title='bbox 222 2691 455 2774; x_wconf 87' lang='lat' dir='ltr'><strong>poenitentiam</strong></span> <span class='ocrx_word' id='word_1_180' title='bbox 478 2711 546 2755; x_wconf 90' lang='lat' dir='ltr'><strong>non</strong></span> <span class='ocrx_word' id='word_1_181' title='bbox 574 2696 719 2771; x_wconf 86' lang='lat' dir='ltr'><strong>agerent,</strong></span> <span class='ocrx_word' id='word_1_182' title='bbox 748 2691 839 2753; x_wconf 88' lang='lat' dir='ltr'><strong>irrita</strong></span> <span class='ocrx_word' id='word_1_183' title='bbox 867 2691 931 2754; x_wconf 83' lang='lat' dir='ltr'><strong>fuit</strong></span> <span class='ocrx_word' id='word_1_184' title='bbox 958 2711 1027 2770; x_wconf 86' lang='lat' dir='ltr'><strong>pro</strong></span> 
     </span>
     <span class='ocr_line' id='line_1_28' title="bbox 107 2777 1026 2860; baseline -0.001 -19"><span class='ocrx_word' id='word_1_185' title='bbox 107 2777 217 2857; x_wconf 88' lang='lat' dir='ltr'><strong>missio,</strong></span> <span class='ocrx_word' id='word_1_186' title='bbox 254 2799 321 2843; x_wconf 92' lang='lat' dir='ltr'><strong>non</strong></span> <span class='ocrx_word' id='word_1_187' title='bbox 350 2779 417 2857; x_wconf 89' lang='lat' dir='ltr'><strong>dei,</strong></span> <span class='ocrx_word' id='word_1_188' title='bbox 452 2778 509 2843; x_wconf 88' lang='lat' dir='ltr'><strong>sad</strong></span> <span class='ocrx_word' id='word_1_189' title='bbox 538 2778 753 2843; x_wconf 86' lang='lat' dir='ltr'><strong>inobedientis</strong></span> <span class='ocrx_word' id='word_1_190' title='bbox 781 2779 893 2860; x_wconf 90' lang='lat' dir='ltr'><strong>populi</strong></span> <span class='ocrx_word' id='word_1_191' title='bbox 922 2778 1026 2859; x_wconf 91' lang='lat' dir='ltr'><strong>culpa.</strong></span> 
     </span>
     <span class='ocr_line' id='line_1_29' title="bbox 107 2864 1029 2950; baseline -0.001 -20"><span class='ocrx_word' id='word_1_192' title='bbox 107 2864 221 2931; x_wconf 70' lang='lat' dir='ltr'><strong>l&#39;rusm</strong></span> <span class='ocrx_word' id='word_1_193' title='bbox 236 2868 337 2950; x_wconf 82' lang='lat' dir='ltr'><strong>igitru</strong></span> <span class='ocrx_word' id='word_1_194' title='bbox 351 2868 516 2950; x_wconf 77' lang='lat' dir='ltr'><strong>quaeritur</strong></span> <span class='ocrx_word' id='word_1_195' title='bbox 529 2867 673 2944; x_wconf 83' lang='lat' dir='ltr'><strong>historia,</strong></span> <span class='ocrx_word' id='word_1_196' title='bbox 696 2866 754 2929; x_wconf 90' lang='lat' dir='ltr'><strong>ubi</strong></span> <span class='ocrx_word' id='word_1_197' title='bbox 768 2872 819 2930; x_wconf 76' lang='lat' dir='ltr'><strong>res‘</strong></span> <span class='ocrx_word' id='word_1_198' title='bbox 833 2887 900 2930; x_wconf 90' lang='lat' dir='ltr'><strong>non</strong></span> <span class='ocrx_word' id='word_1_199' title='bbox 914 2865 1029 2929; x_wconf 87' lang='lat' dir='ltr'><strong>habuit</strong></span> 
     </span>
     <span class='ocr_line' id='line_1_30' title="bbox 107 2963 1000 3020; baseline 0 -6"><span class='ocrx_word' id='word_1_200' title='bbox 107 2963 250 3020; x_wconf 84' lang='lat' dir='ltr'><strong>arentum.</strong></span> <span class='ocrx_word' id='word_1_201' title='bbox 996 3007 1000 3014; x_wconf 86' lang='grc'><em>,</em></span> 
     </span>
    </p>
   </div>
   <div class='ocr_carea' id='block_1_3' title="bbox 136 3096 1029 3535">
    <p class='ocr_par' dir='ltr' id='par_1_4' title="bbox 136 3096 1029 3535">
     <span class='ocr_line' id='line_1_31' title="bbox 194 3096 1028 3176; baseline 0 -16"><span class='ocrx_word' id='word_1_202' title='bbox 194 3099 243 3162; x_wconf 81' lang='lat' dir='ltr'><strong>Et</strong></span> <span class='ocrx_word' id='word_1_203' title='bbox 265 3098 464 3162; x_wconf 85' lang='lat' dir='ltr'><strong>ascendet</strong></span> <span class='ocrx_word' id='word_1_204' title='bbox 485 3099 622 3166; x_wconf 85' lang='lat' dir='ltr'><strong>foetor</strong></span> <span class='ocrx_word' id='word_1_205' title='bbox 644 3098 749 3176; x_wconf 90' lang='lat' dir='ltr'><strong>eius,</strong></span> <span class='ocrx_word' id='word_1_206' title='bbox 774 3103 813 3161; x_wconf 89' lang='lat' dir='ltr'><strong>et</strong></span> <span class='ocrx_word' id='word_1_207' title='bbox 831 3096 1028 3160; x_wconf 88' lang='lat' dir='ltr'><strong>ascendet</strong></span> 
     </span>
     <span class='ocr_line' id='line_1_32' title="bbox 142 3186 1029 3268; baseline 0.002 -20"><span class='ocrx_word' id='word_1_208' title='bbox 142 3186 311 3266; x_wconf 88' lang='lat' dir='ltr'><strong>putredo</strong></span> <span class='ocrx_word' id='word_1_209' title='bbox 348 3187 456 3265; x_wconf 88' lang='lat' dir='ltr'><strong>eius,</strong></span> <span class='ocrx_word' id='word_1_210' title='bbox 496 3187 691 3268; x_wconf 91' lang='lat' dir='ltr'><strong>quoniam</strong></span> <span class='ocrx_word' id='word_1_211' title='bbox 728 3186 1029 3267; x_wconf 86' lang='lat' dir='ltr'><strong>magnificatus</strong></span> 
     </span>
     <span class='ocr_line' id='line_1_33' title="bbox 136 3271 1027 3358; baseline 0.001 -21"><span class='ocrx_word' id='word_1_212' title='bbox 136 3271 197 3338; x_wconf 76' lang='lat' dir='ltr'><strong>lest</strong></span> <span class='ocrx_word' id='word_1_213' title='bbox 216 3276 480 3358; x_wconf 88' lang='lat' dir='ltr'><strong>inoperibus</strong></span> <span class='ocrx_word' id='word_1_214' title='bbox 503 3275 598 3338; x_wconf 90' lang='lat' dir='ltr'><strong>suis.</strong></span> <span class='ocrx_word' id='word_1_215' title='bbox 644 3276 699 3338; x_wconf 88' lang='lat' dir='ltr'><strong>Ne</strong></span> <span class='ocrx_word' id='word_1_216' title='bbox 726 3276 874 3339; x_wconf 86' lang='lat' dir='ltr'><strong>timeas</strong></span> <span class='ocrx_word' id='word_1_217' title='bbox 901 3281 1027 3353; x_wconf 86' lang='lat' dir='ltr'><strong>terra,</strong></span> 
     </span>
     <span class='ocr_line' id='line_1_34' title="bbox 144 3362 1028 3446; baseline 0.003 -22"><span class='ocrx_word' id='word_1_218' title='bbox 144 3364 277 3427; x_wconf 60' lang='lat' dir='ltr'><strong>*xalta</strong></span> <span class='ocrx_word' id='word_1_219' title='bbox 305 3370 345 3427; x_wconf 90' lang='lat' dir='ltr'><strong>et</strong></span> <span class='ocrx_word' id='word_1_220' title='bbox 365 3364 540 3441; x_wconf 86' lang='lat' dir='ltr'><strong>laetare,</strong></span> <span class='ocrx_word' id='word_1_221' title='bbox 568 3362 763 3446; x_wconf 89' lang='lat' dir='ltr'><strong>quoniam</strong></span> <span class='ocrx_word' id='word_1_222' title='bbox 791 3365 1028 3444; x_wconf 87' lang='lat' dir='ltr'><strong>magnifica·</strong></span> 
     </span>
     <span class='ocr_line' id='line_1_35' title="bbox 158 3452 811 3535; baseline 0.002 -20"><span class='ocrx_word' id='word_1_223' title='bbox 158 3471 200 3516; x_wconf 90' lang='lat' dir='ltr'><strong>us</strong></span> <span class='ocrx_word' id='word_1_224' title='bbox 223 3452 413 3535; x_wconf 84' lang='lat' dir='ltr'><strong>dominus</strong></span> <span class='ocrx_word' id='word_1_225' title='bbox 435 3453 478 3516; x_wconf 92' lang='lat' dir='ltr'><strong>in</strong></span> <span class='ocrx_word' id='word_1_226' title='bbox 500 3452 692 3535; x_wconf 90' lang='lat' dir='ltr'><strong>operibus</strong></span> <span class='ocrx_word' id='word_1_227' title='bbox 715 3452 811 3516; x_wconf 89' lang='lat' dir='ltr'><strong>suis.</strong></span> 
     </span>
    </p>
   </div>
   <div class='ocr_carea' id='block_1_4' title="bbox 72 3575 1030 3836">
    <p class='ocr_par' dir='ltr' id='par_1_5' title="bbox 72 3575 1030 3836">
     <span class='ocr_line' id='line_1_36' title="bbox 72 3575 1027 3660; baseline -0.001 -21"><span class='ocrx_word' id='word_1_228' title='bbox 72 3600 75 3609; x_wconf 94' lang='lat'>·</span> <span class='ocrx_word' id='word_1_229' title='bbox 181 3576 430 3658; x_wconf 87' lang='lat' dir='ltr'><strong>Respiciendum</strong></span> <span class='ocrx_word' id='word_1_230' title='bbox 452 3575 562 3640; x_wconf 88' lang='lat' dir='ltr'><strong>lectori</strong></span> <span class='ocrx_word' id='word_1_231' title='bbox 584 3576 722 3640; x_wconf 90' lang='lat' dir='ltr'><strong>subinde</strong></span> <span class='ocrx_word' id='word_1_232' title='bbox 744 3582 794 3640; x_wconf 87' lang='lat' dir='ltr'><strong>est</strong></span> <span class='ocrx_word' id='word_1_233' title='bbox 814 3576 857 3639; x_wconf 90' lang='lat' dir='ltr'><strong>ad</strong></span> <span class='ocrx_word' id='word_1_234' title='bbox 871 3576 1027 3660; x_wconf 88' lang='lat' dir='ltr'><strong>ordinem,</strong></span> 
     </span>
     <span class='ocr_line' id='line_1_37' title="bbox 159 3665 1028 3748; baseline -0.002 -21"><span class='ocrx_word' id='word_1_235' title='bbox 159 3685 190 3727; x_wconf 93' lang='lat' dir='ltr'><strong>m</strong></span> <span class='ocrx_word' id='word_1_236' title='bbox 216 3667 376 3748; x_wconf 86' lang='lat' dir='ltr'><strong>propheta</strong></span> <span class='ocrx_word' id='word_1_237' title='bbox 397 3666 433 3727; x_wconf 91' lang='lat' dir='ltr'><strong>in</strong></span> <span class='ocrx_word' id='word_1_238' title='bbox 461 3666 524 3729; x_wconf 92' lang='lat' dir='ltr'><strong>hac</strong></span> <span class='ocrx_word' id='word_1_239' title='bbox 552 3665 704 3729; x_wconf 88' lang='lat' dir='ltr'><strong>concione</strong></span> <span class='ocrx_word' id='word_1_240' title='bbox 734 3665 903 3746; x_wconf 84' lang='lat' dir='ltr'><strong>diligenter</strong></span> <span class='ocrx_word' id='word_1_241' title='bbox 925 3665 1028 3728; x_wconf 87' lang='lat' dir='ltr'><strong>obser-</strong></span> 
     </span>
     <span class='ocr_line' id='line_1_38' title="bbox 158 3753 1030 3836; baseline 0.002 -24"><span class='ocrx_word' id='word_1_242' title='bbox 158 3803 160 3812; x_wconf 93' lang='lat'><em>.</em></span> <span class='ocrx_word' id='word_1_243' title='bbox 210 3754 310 3817; x_wconf 87' lang='lat' dir='ltr'><strong>Initio</strong></span> <span class='ocrx_word' id='word_1_244' title='bbox 344 3753 505 3836; x_wconf 84' lang='lat' dir='ltr'><strong>praedixit</strong></span> <span class='ocrx_word' id='word_1_245' title='bbox 541 3753 754 3819; x_wconf 87' lang='lat' dir='ltr'><strong>vastationem</strong></span> <span class='ocrx_word' id='word_1_246' title='bbox 792 3755 935 3817; x_wconf 89' lang='lat' dir='ltr'><strong>futuram</strong></span> <span class='ocrx_word' id='word_1_247' title='bbox 971 3771 1030 3834; x_wconf 90' lang='lat' dir='ltr'><strong>per</strong></span> 
     </span>
    </p>
   </div>
   <div class='ocr_carea' id='block_1_5' title="bbox 0 0 1300 4267">
    <p class='ocr_par' dir='ltr' id='par_1_6' title="bbox 0 0 1300 4267">
     <span class='ocr_line' id='line_1_39' title="bbox 0 0 1300 4267; baseline 0 0"><span class='ocrx_word' id='word_1_248' title='bbox 0 0 1300 4267; x_wconf 95' lang='lat' dir='ltr'><strong> </strong></span> 
     </span>
    </p>
   </div>
  </div>
 </body>
</html>
