2584 4267
420 214 503 273 42
1112 212 1582 292 Prolegomena.

417 390 592 451 ribus
669 388 1068 468 eloquentiae
1136 390 1538 453 Lutheranae
1614 390 1783 452 notis
1860 409 1934 451 ac
2009 389 2326 469 vestigiis

419 484 680 540 ornatus
711 477 1052 558 praecellit.
1114 479 1305 541 Vitus
1337 478 1707 541 Theodorus
1737 477 2322 557 Norimbergeneie

416 568 487 627 in
544 567 938 646 praefatione
1009 585 1127 629 sua
1193 567 1275 629 ad
1330 568 1614 629 Micham
1672 568 2053 647 prophetam
2117 585 2318 625 anns]

416 655 743 716 MDXLII.
815 657 1113 718 instituta
1179 655 1440 718 definite
1509 655 1864 729 contendit,
1935 655 2101 717 Luth
2109 673 2318 717 erun]

417 742 859 806 adnotationes
906 763 1053 806 suas
1101 743 1400 819 dictasse,
1451 746 1570 806 etsi
1616 762 2073 824 saepenumero
2121 745 2314 805 festi·

417 839 611 894 nante
666 852 771 894 ore
826 839 1045 895 tamen
1092 831 1383 898 dictasse.
1476 833 1726 895 Habuit
1779 852 1926 911 ergo
1971 832 2314 893 Lutherue

413 920 704 982 libellum
736 940 854 983 sua
882 922 1025 1001 ipsa
1054 940 1253 983 manu
1284 920 1697 1002 descriptum,
1733 941 1814 982 ex
1844 939 1972 1000 quo
2003 921 2306 981 dietavit.

416 1009 665 1083 Quibus
712 1008 965 1072 schedis
1011 1011 1354 1090 propositis
1400 1011 1538 1092 ipse
1593 1030 1762 1072 anno
1808 1008 2173 1071 MDXXVI.
2233 1017 2314 1069 et.

415 1098 849 1159 MDXXVIII.
914 1099 1404 1161 commentarios
1462 1100 1530 1161 in
1584 1098 1851 1173 Jonam,
1913 1098 2169 1163 Abaeue
2229 1105 2310 1157 et

417 1186 787 1249 Zachariam
841 1187 1187 1268 prophetas
1241 1188 1582 1249 vernacula
1637 1187 1860 1265 lingua
1914 1185 2302 1265 explanat-‚ee

418 1274 636 1337 edidit.
755 1276 880 1348 Qui
949 1276 1234 1338 codicem
1302 1276 1880 1355 Altenburgensem
1948 1273 2306 1337 cenfeeerit

415 1363 578 1425 mihi
622 1364 889 1443 longum
935 1383 1050 1446 per
1093 1371 1350 1445 tempus
1397 1384 1528 1427 non
1584 1365 1738 1427 satis
1797 1364 2097 1425 constitit.
2189 1365 2298 1421 Li-

416 1457 695 1514 terarum
753 1452 968 1515 indole
1028 1453 1297 1515 ductum
1357 1454 1622 1534 saepius
1672 1472 1744 1514 ac
1803 1452 2049 1533 diutine
2093 1449 2302 1513 subiit

416 1540 707 1601 animum
768 1542 1066 1620 cogitatio
1081 1592 1094 1617 ,
1157 1547 1365 1604 totum
1425 1561 1586 1623 opus
1632 1541 1911 1602 Luthero
1969 1541 2089 1621 ipsi
2153 1557 2298 1601 esee

416 1628 848 1691 addicendum
895 1636 959 1692 et
1002 1629 1195 1692 hodie
1228 1649 1484 1709 quoque
1513 1629 1582 1691 id
1613 1629 1878 1709 quidem
1909 1627 2298 1691 contendere

414 1717 695 1794 mallem,
744 1719 870 1780 nisi
914 1719 1408 1799 inscriptionum
1440 1719 1634 1782 verba
1679 1738 1752 1780 ac
1780 1718 1999 1807 literae
2045 1717 2289 1797 epinie-

416 1827 566 1869 nem
636 1769 1080 1870 dissuaderent
1151 1827 1385 1887 meque
1461 1808 1542 1869 de
1618 1804 1956 1869 sententia
2002 1805 2294 1869 ferteeeie.

415 1897 779 1959 inconsulta
836 1875 1264 1960 demoverent.
1359 1896 1502 1958 Hoc
1561 1914 1707 1959 vero
1776 1895 1939 1957 mihi
2004 1897 2073 1957 in
2145 1913 2285 1957 een

417 1985 601 2056 fessis
648 1992 763 2060 est,
814 1986 1097 2048 codicem
1143 1986 1224 2048 ab
1270 1984 1534 2047 homine
1581 1984 1865 2065 quodam
1895 1984 2290 2065 deseriptum

417 2092 586 2148 esse,
649 2075 764 2153 qui
803 2074 1087 2136 Luthero
1134 2074 1673 2136 familiarissimus
1718 2072 1870 2148 fuit,
1928 2073 2041 2153 qui
2101 2073 2285 2133 bene-

417 2162 561 2223 ficio
628 2163 729 2226 vel
796 2162 1275 2224 contubernalis
1339 2163 1438 2224 vel
1505 2162 1734 2223 famuli
1800 2180 1955 2224 usus
2009 2161 2294 2221 Luthere

418 2249 805 2313 concedente
862 2249 1187 2313 licentiam
1246 2250 1480 2312 habuit
1535 2249 2033 2313 transscribendi
2081 2269 2285 2313 exem-

416 2338 601 2419 plum
657 2338 806 2400 libri
873 2337 1247 2417 quotidiano
1317 2339 1465 2400 usui
1532 2337 1806 2401 doctoris
1875 2337 2285 2401 destinatum.

417 2426 679 2508 Propter
748 2446 1027 2488 amorem
1101 2446 1255 2506 erga
1331 2427 1670 2490 dominum
1745 2426 2285 2501 ardentissimum,

417 2522 675 2597 propter
734 2515 1255 2578 communionem
1314 2536 1464 2578 cum
1510 2536 1584 2578 eo
1638 2517 1937 2580 intimam
1955 2566 1969 2592 ‚
2029 2525 2289 2597 prepter

418 2603 937 2667 exercitationem
983 2604 1310 2667 assiduam
1356 2611 1421 2667 et
1464 2604 1908 2685 quotidianam
1965 2605 2037 2666 111,
2093 2613 2287 2665 trane-

418 2692 770 2755 scribendis
829 2693 1094 2756 Lutheri
1162 2694 1415 2776 scriptis
1483 2700 1815 2776 tantopere
1884 2693 1966 2755 ad
2025 2693 2289 2753 Lutheri

416 2781 729 2845 rationem
776 2782 1097 2845 scribendi
1142 2802 1209 2845 se
1264 2782 1843 2846 accommodavisse
1887 2781 2153 2857 videtur,
2217 2789 2289 2845 nt

417 2890 650 2934 manus
694 2873 893 2935 motio
940 2878 1006 2935 et
1050 2871 1179 2936 stili
1226 2879 1441 2951 gestus
1486 2873 1557 2934 in
1611 2870 2097 2935 similitudinem
2147 2889 2285 2933 een-

418 2959 777 3023 suetudinis
823 2960 1086 3023 Lutheri
1145 2959 1552 3041 redigeretur.
1644 2962 1724 3023 In
1783 2980 1981 3040 quam
2041 2969 2285 3021 senten-

416 3048 608 3125 tiam,
657 3048 898 3111 scilicet
942 3047 1227 3111 codicem
1272 3049 1864 3130 transscriptionem
1909 3049 2289 3113 schedarum

419 3156 458 3197 a
500 3098 779 3199 Lu'thero
824 3137 967 3217 ipso
1013 3136 1514 3220 compositarum
1560 3156 1729 3215 esse,
1793 3158 1868 3200 eo
1922 3141 2129 3217 magis
2185 3137 2285 3197 ed

418 3224 633 3301 ducor,
695 3223 871 3305 quod
917 3224 1113 3288 editio
1160 3245 1359 3305 quam
1405 3227 1701 3290 novimus
1745 3228 2041 3309 princepe
2097 3229 2294 3289 hujus

417 3307 767 3394 prophetae
815 3334 985 3376 anno
1031 3315 1467 3378 MDXXXVI.
1546 3315 1950 3395 Argentorati
1995 3317 2294 3377 instituta

419 3402 702 3482 exceptis
748 3403 997 3483 exiguis
1044 3412 1108 3466 et
1151 3404 1510 3466 maximam
1553 3406 1624 3467 in
1668 3412 1918 3487 partem
1947 3404 2289 3466 levissimis

419 3490 744 3554 vocabulis
790 3492 1252 3572 sententiisque
1300 3499 1676 3556 contextum
1730 3493 2145 3555 enarratienie
2209 3493 2294 3553 ed

418 3579 687 3644 verbum
746 3581 1232 3644 convenientem
1301 3600 1452 3644 cum
1520 3581 1734 3644 codice
1792 3581 2289 3661 Altenburgenei

419 3668 699 3749 praebet
808 3668 931 3731 Sed
991 3668 1070 3730 de
1130 3670 1252 3732 hac
1311 3669 1591 3733 editione
1657 3670 1997 3748 loquamur
2061 3673 2131 3729 in
2201 3689 2289 3729 ee=
