2584 4267
459 297 558 361 Joelis
580 300 766 381 prophetae.
1021 301 1083 365 155
1167 386 1171 393 ⁸

135 480 284 555 queunt,
320 472 377 537 sed
412 474 512 538 etiam
545 476 633 557 quod
666 475 818 540 dominus
852 483 921 540 tam
954 481 1085 560 turpem

137 562 261 645 optimi
288 567 320 626 et
348 563 552 627 saluberrimi
580 564 659 629 doni
685 565 825 629 abusum
854 566 936 629 ferre
959 568 1083 648 nequit·

232 651 353 732 Magna
386 651 485 732 igitur
518 660 701 717 nostrorum
736 654 910 717 hominum
947 656 1084 719 coecitas

136 740 287 805 amentia
309 740 514 822 etimpietas
536 749 598 820 est,
630 742 718 823 quod
745 738 806 807 tot¹
820 743 926 808 modis
949 744 1086 807 noxium

135 830 268 893 malum
290 835 359 893 tam
381 830 620 919 amplectuntur
647 832 756 909 avide,
787 838 820 895 et
840 832 926 896 alios
956 852 1085 913 quoque

137 917 186 981 ad
208 918 244 981 id
260 918 378 998 quibus
400 925 539 1001 possunt
559 919 700 985 invitant
721 920 836 985 modis.
871 922 969 983 Nulla
990 921 1085 986 solita

136 1006 256 1070 habita
277 1006 401 1070 ratione
424 1007 536 1071 salutis
559 1014 721 1086 aeternae,
744 1010 835 1073 nulla
857 1030 1029 1092 corporum
1052 1016 1085 1074 et

137 1096 360 1173 fortunarum,
392 1116 473 1177 quas
502 1103 643 1161 extreme
672 1098 845 1179 periclitari
873 1105 996 1162 certum
1018 1106 1078 1163 est.

138 1184 194 1247 Pii
216 1190 325 1247 autem
347 1185 408 1248 has
430 1187 607 1250 sententias
630 1186 693 1249 sibi
707 1193 891 1268 proponent
905 1188 947 1250 ob
962 1188 1084 1265 oculos,
1126 1234 1131 1240 „

140 1279 177 1337 et
200 1292 276 1335 oum
298 1272 433 1338 audiant
455 1294 474 1336 a
496 1276 664 1357 propheta,
688 1274 829 1339 ebriosos
848 1275 1086 1340 calamitatibus

138 1362 276 1441 frugum
298 1362 491 1443 puniendos,
516 1384 591 1427 oum
614 1361 789 1444 gratiarum
812 1364 946 1441 actione,
977 1364 1085 1428 mode·

139 1456 212 1513 rate
242 1456 274 1513 et
303 1450 408 1514 sobrie
437 1457 571 1516 utantur
599 1452 686 1515 dono
712 1453 778 1529 dei,
809 1474 876 1516 non
905 1453 948 1516 ad
969 1452 1085 1515 luxum

140 1538 202 1601 sed
232 1538 274 1601 ad
303 1538 445 1621 corporis
479 1540 712 1605 necessitatem.
765 1542 816 1605 Ita
844 1542 916 1619 fiet,
950 1547 989 1605 ut
1017 1562 1085 1605 non

140 1628 251 1690 solum
272 1628 430 1707 effugiant
443 1648 564 1710 poenas
579 1629 788 1706 tristissimas,
813 1630 870 1693 sed
886 1630 984 1693 etiam
998 1637 1086 1693 certa

139 1715 274 1797 pietatis
297 1736 375 1779 suae
397 1718 542 1798 praemia
563 1718 679 1795 ferant,
703 1739 741 1781 ao
762 1719 925 1798 gaudeant
946 1724 979 1781 et
997 1719 1083 1780 exul·

140 1810 216 1868 tent
248 1804 284 1867 in
317 1806 541 1869 benedictione
576 1806 638 1869 dei.
684 1807 750 1869 Alii
784 1807 842 1887 qui
874 1812 943 1869 tam
973 1826 1084 1885 graves

141 1892 280 1969 Christi,
320 1895 537 1976 apostolorum
575 1901 608 1959 et
640 1896 872 1976 prophetarum
915 1895 1087 1957 conciones

141 1987 359 2046 contemnunt
387 1989 420 2045 et
447 1982 619 2064 indulgent
645 1983 724 2045 huic
752 1982 867 2058 furori,
898 1982 959 2045 hos
988 2002 1085 2046 nemo

139 2070 265 2133 iudicet
287 2070 485 2135 Christianos
508 2092 586 2135 esse.

255 2210 402 2291 Plange
424 2218 468 2275 ut
489 2213 601 2293 virgo
625 2232 740 2276 saeco
763 2210 904 2275 induta
925 2218 1086 2294 propter

187 2300 390 2363 amasium
428 2300 747 2366 adolescentiae
781 2321 887 2365 suae.
948 2301 1087 2373 Periit

187 2390 341 2453 oblatio
364 2395 402 2452 et
423 2389 568 2454 libatio
591 2391 637 2453 de
660 2391 776 2455 domo
805 2389 965 2454 domini.
1012 2392 1084 2453 Lu-

188 2482 283 2559 gent
329 2478 571 2556 sacerdotes,
624 2480 694 2559 qui
738 2479 972 2544 ministrant
1017 2477 1084 2544 do·

187 2566 311 2631 mino.
358 2569 459 2648 Ager
485 2571 668 2632 vastatus
696 2574 764 2631 est.
811 2568 931 2631 Terra
956 2570 1083 2650 luget,

189 2656 288 2737 quia
310 2656 555 2741 frumentum
577 2655 712 2737 periit.
758 2655 927 2720 Mustum
949 2659 1084 2721 erube·

189 2745 282 2823 scit,
314 2745 449 2808 oleum
479 2744 684 2808 sublatum
713 2750 781 2807 est.

235 2866 401 2932 Sententia
434 2868 519 2931 clara
552 2876 610 2933 est.
661 2866 797 2930 Pulchre
831 2873 955 2943 autern,
991 2866 1085 2947 quasi

142 2955 282 3037 inspirat
315 2977 388 3019 eam
420 2956 602 3037 insignibus
636 2956 758 3037 figuris.
810 2955 975 3037 Scriptura
1001 2956 1086 3018 inter

143 3044 336 3127 praecipuos
359 3045 483 3109 dolores
506 3051 737 3110 commemorat
752 3045 887 3121 luctum,
911 3064 1009 3125 quem
1031 3064 1085 3126 pa·

144 3138 251 3199 rentes
274 3154 316 3195 ex
338 3133 511 3198 liberorum
533 3140 635 3198 morte
659 3140 693 3197 et
714 3132 865 3213 coniuges
888 3154 929 3197 ex
954 3134 1084 3197 contho-

144 3222 219 3285 ralis
257 3222 391 3286 interitu
428 3223 570 3304 capiunt.
628 3224 676 3285 Ao
714 3223 841 3285 excellit
876 3222 912 3285 in
949 3228 1085 3302 utroque

144 3310 301 3374 muliebre
324 3330 426 3391 genus
448 3318 605 3393 tanquam
626 3311 758 3374 mollius
787 3317 820 3374 et
848 3311 891 3373 ad
915 3311 1086 3375 ferendum

193 3420 213 3461 n
235 3398 398 3479 insignem
420 3399 562 3463 dolorem
584 3400 754 3463 infirmius.
794 3395 862 3463 1Ita
875 3400 937 3464 hoo
958 3400 995 3462 in
1016 3400 1085 3464 loco

185 3494 311 3569 nparat
332 3489 490 3571 propheta
512 3490 670 3572 populum
693 3490 834 3571 puellae,
863 3509 929 3553 non
952 3488 1086 3569 quidem

193 3583 281 3658 ptae,
313 3578 370 3661 sed
401 3598 483 3658 quae
512 3578 580 3641 iam
602 3599 694 3660 spem
717 3579 905 3661 nuptiarum
928 3578 1083 3658 concepit,

236 3768 264 3838 1)
285 3770 449 3825 Similitudo
467 3770 579 3839 puellae
598 3770 743 3839 sperantis
762 3772 887 3840 nuptias.
