2584 4267
335 259 337 261 ι
428 295 526 358 Joelis
549 295 734 377 prophetae.
986 295 1049 360 237

203 473 247 534 Ut
268 479 378 534 autem
399 472 462 535 hoc
485 491 614 553 quoque
634 472 752 536 addam
774 472 814 535 de
836 471 1049 550 invocatione,

124 561 203 624 nulla
224 560 406 623 differentia
428 566 485 637 est,
511 562 577 626 sive
600 568 741 643 epatre,
767 562 834 626 sive
857 580 877 622 a
897 561 964 624 filio
987 563 1050 643 spl-

124 652 211 712 ritum
239 655 389 712 sanctum
417 645 589 731 postules.l
638 651 722 712 Nam
752 656 800 713 est
831 648 962 730 spiritus
993 651 1050 730 qui

123 737 256 819 procedit
278 757 299 800 a
320 744 411 820 patre
434 743 467 800 et
488 738 564 800 filio.
611 737 689 802 Ideo
713 737 858 801 Christus
887 743 1050 819 utrunque

123 826 193 890 dicit
212 827 325 889 Iohan.
353 821 423 889 14}
473 826 612 909 Spiritus
643 847 741 907 quem
771 827 879 890 mittet
901 833 992 907 pater
1014 826 1050 889 in

122 915 248 978 nomine
269 911 354 978 me'o.
400 915 484 978 Item
514 921 643 994 rogatus
674 935 693 978 a
722 935 792 992 me,
829 914 921 979 dabit
949 915 1051 978 alium

121 1004 319 1067 Paracletum.
366 1004 410 1067 Et
431 1006 538 1066 Actor.
564 997 613 1066 2?
640 1003 720 1067 dicit
741 1005 870 1080 Petrus,
892 1004 1050 1068 ‘Christus

122 1093 233 1174 accepit
261 1092 510 1175 promissionem
538 1091 671 1173 spiritus
695 1098 843 1174 epatre,
876 1098 909 1155 et
930 1093 1047 1156 Psalm.

123 1175 202 1243 68⁴*
223 1180 386 1263 Accepisti
408 1180 495 1244 dona
516 1201 574 1262 pro
596 1181 793 1244 hominibus.
833 1181 929 1244 Recte
951 1181 1049 1260 igitur

121 1269 230 1350 petitur
252 1268 386 1350 spiritus
409 1275 539 1332 sanctus
563 1275 711 1350 epatre,
743 1269 790 1332 ita
818 1275 928 1332 tamen
954 1270 1048 1332 utin

122 1357 240 1420 nomine
256 1357 376 1420 Christi
398 1363 498 1439 petas,
521 1358 585 1421 hoc
607 1364 664 1434 est,
688 1365 726 1422 ut
739 1363 870 1439 propter
885 1357 1048 1420 Christum

120 1446 174 1508 hoe
198 1447 322 1509 donum
350 1446 464 1509 donari
492 1446 554 1508 tibi
581 1453 682 1528 petas.
713 1446 772 1533 *Et
793 1446 948 1510 Iohannis
974 1441 1044 1509 16.⁵

121 1533 192 1598 dicit
205 1535 372 1612 Christus,
404 1535 469 1597 nisi
494 1554 554 1614 ego
578 1535 685 1598 abiero
708 1555 775 1597 non
797 1535 905 1600 veniet
927 1535 968 1597 ad
991 1554 1047 1599 vos

121 1622 304 1699 Paracletus,
334 1623 364 1685 si
387 1630 495 1686 autem
518 1624 641 1700 abiero,
665 1623 795 1687 mittam
818 1643 894 1686 eum
916 1622 958 1685 ad
980 1643 1045 1687 vos.

122 1711 158 1773 lit
181 1731 246 1794 cap.
274 1705 346 1774 15.6
396 1712 477 1774 Cum
507 1711 631 1776 venerit
658 1713 838 1774 Paracletus
862 1730 961 1791 quem
988 1731 1047 1790 ego

122 1800 237 1862 mittam
259 1800 352 1865 vobis
374 1805 499 1881 apatre
522 1801 654 1883 spiritus
669 1800 821 1875 veritatis,
846 1799 904 1878 qui
923 1819 943 1860 a
957 1805 1047 1879 patre

122 1889 261 1968 procedit.
309 1890 406 1951 Recte
434 1889 532 1967 igitur
559 1909 579 1950 a
607 1888 733 1951 Christo
764 1888 825 1950 hoe
854 1887 1048 1950 beneficium
1118 1924 1120 1927 -

121 1982 225 2056 petes
246 1978 313 2040 Nec
336 1984 392 2051 est,
406 1977 589 2040 differentia
611 1977 677 2042 sive
693 1975 791 2052 dicas,
815 1981 942 2038 aeterne
957 1981 1049 2056 pater
1070 2012 1077 2021 -

121 2064 235 2128 domini
262 2067 366 2129 nostri
392 2066 467 2128 Iesu
497 2065 629 2141 Christi,
668 2064 754 2127 dona
783 2064 867 2126 mihi
898 2063 1048 2145 spiritum

122 2161 256 2218 sanctum
272 2160 377 2230 tuum,
401 2154 458 2234 qui
473 2153 627 2217 accendat
641 2154 677 2216 in
692 2172 745 2216 me
760 2151 867 2230 fidem,
892 2152 1050 2232 gubernet

121 2249 148 2305 et
171 2243 335 2306 confirmet
364 2262 417 2305 me
447 2249 506 2306 cte.
553 2242 640 2327 Sive
656 2241 761 2304 dicas:
792 2241 819 2326 O
849 2241 896 2304 fili
927 2241 1048 2304 aeterni

121 2331 208 2410 patris
235 2332 310 2394 Iesu
339 2330 463 2394 Christe
492 2330 578 2394 dona
607 2330 691 2393 mihi
720 2336 868 2394 sanctum
898 2331 1048 2412 spiritum

120 2424 210 2482 tuum.
265 2420 426 2483 Ecclesiae
464 2427 573 2484 autem
611 2420 759 2502 exemplo
797 2419 972 2484 invitamur
1005 2419 1047 2482 ad

121 2507 210 2587 ipsius
233 2509 366 2590 spiritus
389 2509 493 2572 sancti
507 2509 752 2576 invocationem.
792 2508 844 2570 Sic
859 2508 947 2570 enim
963 2515 1045 2570 orat:

120 2595 193 2658 Veni
215 2604 326 2660 sancte
349 2597 492 2678 spiritus,
517 2597 603 2678 reple
625 2603 756 2660 tuorum
780 2597 876 2659 corda
891 2595 1046 2671 fidelium,

120 2691 147 2747 et
164 2687 238 2751 citat
260 2685 400 2748 Basilius
425 2685 558 2748 Eusebii
579 2685 734 2748 Palestini
756 2685 868 2759 verba,
898 2691 1047 2746 sanctum

120 2771 220 2851 deum,
248 2775 330 2837 lucis
364 2773 563 2836 conditorem
596 2793 654 2854 per
682 2773 872 2835 salvatorem
899 2778 1046 2834 nostrum

119 2859 224 2940 lehun,
249 2883 325 2926 cum
348 2862 463 2943 spiritu
487 2868 596 2926 sancto
611 2861 806 2924 invocantes.
846 2859 935 2921 Haec
952 2859 1045 2920 eccle·

120 2949 175 3012 siae
206 2951 407 3026 testimonia,
443 2950 503 3013 etsi
537 2970 604 3014 non
634 2954 793 3023 extarent,
829 2951 939 3010 tamen
969 2947 1047 3010 satis

120 3037 200 3100 firma
233 3046 266 3104 et
302 3045 388 3102 certa
420 3039 501 3101 ratio
535 3044 608 3114 est,'
639 3036 727 3118 quod
762 3037 831 3116 qui·
855 3036 1047 3099 confitentur

120 3133 247 3205 patrem,
279 3128 401 3204 filium,
432 3133 464 3190 et
491 3132 644 3190 sanctum·
670 3125 820 3207 spiritum
843 3143 912 3188 esse
935 3144 1047 3189 verum

121 3213 218 3293 deum,
245 3217 283 3278 hi
305 3217 404 3279 etiam
427 3235 502 3279 cum
524 3235 624 3278 unam
646 3233 818 3296 personam
841 3219 969 3278 tantum
992 3234 1046 3277 no·

120 3303 249 3382 minant,
281 3311 392 3368 tamen
422 3305 520 3368 deum
548 3323 581 3366 se
611 3304 759 3368 invocare
782 3308 909 3366 norunt.
958 3301 1048 3364 Sicut

177 3395 239 3456 esia
261 3394 437 3477 baptizavit
458 3392 495 3454 in
518 3391 636 3455 Christi
659 3391 799 3476 nomine.
839 3392 929 3454 Haec
952 3391 1045 3454 attin·

176 3543 322 3553 —-

199 3620 224 3688 1)
243 3589 335 3676 Recte
351 3626 413 3675 tum
432 3637 449 3674 a
466 3624 562 3688 patre,
588 3622 652 3674 tum
671 3619 765 3673 a‘filio
788 3621 902 3684 rogatur
926 3617 1046 3682 spiritus

79 3741 88 3750 .
180 3694 232 3745 tus.
276 3692 304 3760 2)
324 3693 398 3746 Ien.:
423 3692 523 3746 Iohan.
543 3690 585 3744 14.
621 3690 651 3758 3)
670 3691 746 3744 Ien.:
773 3690 834 3742 Act.
854 3687 879 3740 2.
921 3685 954 3754 4)
969 3686 1045 3738 Ien:

172 3761 186 3812 l.
203 3761 244 3816 68.
281 3763 310 3831 5)
329 3764 406 3818 Ien:
425 3763 526 3817 Iohan.
547 3762 589 3816 16.
613 3760 654 3827 ’6)
674 3762 748 3816 Ian:
767 3760 866 3813 Iohan.
887 3755 928 3810 15.
