2584 4267
251 292 315 356 426
581 289 687 373 Caput
708 288 861 371 quintum

250 470 397 534 futurum
419 465 589 550 malum,†'
609 467 698 549 quod
731 461 874 550 premat²
900 467 1066 550 populum.
1114 467 1187 532 Ideo

116 616 120 622 .
249 557 439 621 indiderunt
459 551 575 621 verbo²
598 575 719 620 nornen
740 556 855 634 oneris,
879 555 1043 638 siquidem
1063 557 1187 621 molesti

250 652 343 709 erant
364 653 397 710 et
419 646 516 710 invisi
530 639 738 726 onerosique⁸
765 646 951 726 prophetae,
978 640 1081 708 ‘nihil
1102 644 1187 709 aliud

251 735 442 798 nunciantes
466 753 566 816 quam
581 754 673 811 onus,
697 733 911 797 vastationem
927 734 1095 815 regionum
1109 734 1188 797 iram

251 830 284 888 et
305 824 592 887 comminationem
614 823 677 886 dei.
724 823 814 889 Sicut
835 829 869 886 et
881 823 1002 886 Paulus
1024 829 1058 886 et
1080 843 1186 886 omnes

251 931 423 994 praecones
446 912 536 976 verbi
557 932 633 979 cum
656 930 708 976 eo:
731 912 911 988 Revelatur,
934 911 1052 992 inquit,
1076 911 1124 976 ira
1138 911 1187 974 dei

251 1001 292 1064 de
326 1001 413 1064 coelo
451 1021 548 1084 super
581 1021 712 1064 omnem
746 1000 947 1082 impietatem
980 1006 1040 1064 etc.
1097 1001 1188 1062 Hauc

251 1088 524 1172 praedicationem
546 1089 582 1152 in
605 1088 745 1172 speciem
772 1089 889 1152 duram
911 1094 945 1152 et
966 1109 1098 1168 gravem
1120 1109 1187 1152 caro

252 1199 319 1242 non
341 1179 411 1244 vult
432 1177 524 1256 ferre,
553 1177 611 1241 sed
640 1198 700 1241 sua
720 1178 845 1242 iustitia
866 1178 935 1254 fisa,
965 1177 1136 1258 indignam
1156 1198 1188 1240 se

251 1273 345 1370 putat
367 1287 480 1349 poena
526 1261 724 1348 Prophetae⁵
749 1273 860 1330 autem
874 1266 1050 1348 temporale
1070 1267 1188 1330 malum

251 1355 426 1434 minantur,
451 1375 492 1419 ne
515 1362 709 1446 perpetuum
738 1375 890 1457 cogamur
917 1353 999 1417 ferre
1025 1355 1092 1421 nisi
1120 1353 1187 1418 resi·

251 1445 426 1526 puerimus
473 1443 576 1508 Idem
588 1444 724 1508 verbum
753 1450 803 1507 est
827 1441 865 1506 in
886 1444 949 1507 hoc
972 1463 1102 1526 quoque
1123 1444 1188 1507 loco

126 1565 128 1568 ·
251 1532 383 1612 quando
407 1533 467 1598 ait:
490 1531 576 1596 Levo
599 1552 788 1614 supervos,
808 1529 847 1613 ἰώ
870 1530 921 1598 aa
934 1531 1010 1598 tabet
1024 1531 1087 1612 aab
1103 1532 1188 1598 [obst

250 1615 383 1686 Latine8
410 1642 477 1687 non
499 1621 582 1684 bene
605 1641 778 1703 possumus
798 1621 920 1686 imitari
940 1621 1027 1686 hanc
1049 1620 1188 1704 phrasim
1264 1615 1265 1621 '

250 1709 445 1774 hebraicam.

527 1869 651 1933 Cecidit
672 1870 762 1950 virgo
784 1868 917 1933 Israhel.

342 1969 580 2058 Desponsatus⁷
619 1982 688 2039 erat
720 1975 843 2039 Israhel
875 1974 935 2038 uni
969 1974 1029 2038 deo
1065 1979 1188 2056 propter

247 2065 387 2144 ¹uerbum
410 2065 463 2128 dei
496 2071 530 2130 et
562 2065 663 2129 fidem
695 2064 732 2126 in
764 2065 900 2128 verbum
908 2067 961 2145 ,††
994 2075 1060 2144 quo
1093 2082 1187 2126 serva·

252 2154 371 2219 bantur
393 2161 499 2219 caetae
530 2174 642 2228 eorum
671 2154 809 2230 animae,
844 2153 901 2216 sed
936 2151 1089 2217 cecidisse
1116 2149 1189 2218 dicit

251 2263 335 2321 eam,
358 2243 426 2307 eive
449 2263 611 2320 naamam,
642 2241 872 2307 destruendam
905 2261 975 2304 esse
1007 2247 1042 2311 et
1070 2246 1188 2305 vastan-

251 2333 331 2394 dam
353 2351 411 2412 per
432 2352 540 2412 regem
562 2330 777 2411 Assyriorum.
830 2330 883 2393 Sic
898 2329 1006 2412 'ponit
1033 2330 1098 2393 sibi
1125 2347 1188 2410 pro·

253 2421 352 2499 pheta
374 2420 415 2480 ob
438 2421 547 2482 oculos
575 2419 699 2481 malum
721 2419 809 2500 quod
831 2419 979 2482 futurum
1000 2425 1079 2496 erat,
1103 2415 1189 2498 quasi

253 2507 320 2568 iam
342 2507 432 2571 fieret
461 2513 518 2570 aut
545 2507 668 2570 factum
698 2514 790 2571 esset.
837 2507 901 2582 Qui
929 2527 1001 2571 mos
1027 2512 1079 2571 est
1108 2501 1189 2588 pro*

253 2593 370 2679 photis.
420 2593 493 2658 Non
525 2595 670 2676 loquitur
703 2602 812 2660 autem
845 2595 887 2660 de
924 2594 1122 2677 virginitate,
1155 2599 1188 2656 ut

252 2683 417 2767 ineptiunt
444 2683 481 2748 in
501 2684 565 2748 hoc
586 2685 656 2750 loco
678 2685 868 2768 interpretes
895 2691 1027 2750 etcum
1049 2685 1097 2750 eis
1118 2683 1186 2759 Hie

252 2791 417 2856 ronymua
583 2787 588 2795 “

341 2982 539 3053 ‘)IncipItp
559 2983 651 3037 LXII.
669 2981 763 3038 Meci.

342 3141 369 3210 1)
395 3147 509 3211 premet
534 3159 597 3226 sqq.
638 3142 782 3212 averto
808 3157 860 3201 seu
887 3108 1096 3214 praedicationi
1123 3151 1187 3194 suae
1264 3127 1265 3166 ³

249 3227 357 3268 nomen
384 3215 458 3284 m,
487 3215 582 3269 oneris
609 3231 673 3282 sqq
718 3213 747 3282 3)
769 3214 863 3268 deest:
891 3211 1071 3284 oneroquue
1108 3209 1187 3262 Falsa
1264 3242 1265 3273 p

251 3285 321 3350 legit
333 3284 447 3339 edItor:
466 3281 608 3340 omnibus.
645 3284 674 3354 4)
696 3284 774 3368 quod
797 3283 873 3338 nihil
890 3281 970 3337 aliud
988 3279 1188 3350 praedicabant

252 3369 340 3422 quam
349 3371 423 3411 onus
432 3359 462 3410 et
470 3357 662 3412 vastationem
675 3355 764 3424 regni,
777 3355 873 3410 item
862 3368 938 3408 rram
951 3369 1015 3421 sqq
1051 3351 1080 3420 5)
1098 3349 1186 3406 deest·

251 3425 472 3494 Prophetas-
500 3428 715 3496 resipuerimus
758 3425 786 3493 6)
813 3427 936 3480 Errante
963 3424 1074 3478 calamo
1100 3421 1154 3476 edi·¹

252 3497 383 3566 scripsit
403 3498 508 3577 Latini.
545 3499 773 3566 quesponsata
789 3499 852 3551 erat
868 3496 949 3564 virgo
966 3495 1057 3550 Israel
1075 3509 1139 3561 sqq

341 3693 371 3761 t)
389 3663 548 3760 prophatae
565 3692 762 3746 edamItatum
778 3691 887 3746 nuncii.
923 3689 972 3757 st)
990 3686 1152 3746 EcoleaIad

253 3777 305 3831 por
323 3762 445 3818 terbum
462 3763 645 3832 desponsata.
