2584 4267
173 287 236 352 196
486 285 591 373 Caput
613 283 793 348 secundum
842 316 846 318 ·

169 462 266 528 licitis
300 461 520 544 voluptatibus
554 461 748 525 abstineant.
802 459 867 524 Cur
893 462 980 524 hoc?
1006 461 1124 526 -Nurrr

170 551 305 615 damnat
331 550 599 615 consuetudinem
629 549 828 629 coniugum?
873 551 926 614 An
948 569 1015 613 non
1038 571 1122 630 gau-

169 639 262 702 dium
285 639 396 722 sponsi
419 639 518 704 etiam
541 639 637 703 sacris
666 637 767 702 literis
788 637 990 703 celebratum
1019 633 1115 702 est?l

169 729 216 794 De
232 728 359 792 Christo
381 725 460 792 dicit
482 721 678 811 scriptura²r
701 727 846 808 procedit
867 727 951 791 sicut
973 747 1122 809 sponsus

169 817 210 880 de
236 817 381 880 thalamo
408 836 482 894 suo,
513 817 576 880 hoc
598 823 663 896 est,
693 817 809 897 plenus
840 816 958 897 gaudio
988 822 1021 884 et
1050 817 1119 878 ala-

169 905 280 969 oritate
325 905 466 970 instituit
509 925 647 986 regnum
681 905 847 988 evangelii.
878 904 968 968 ,Hic
1003 911 1121 970 autem

168 994 298 1057 iubetur
320 1013 457 1076 sponsus
480 1000 513 1058 et
535 1013 654 1076 sponsa
669 994 777 1074 egredi
792 992 832 1056 de
848 992 992 1056 thalamo
1011 994 1119 1057 tristis

168 1088 202 1148 et
234 1102 391 1146 moerens.
448 1083 560 1160 Quam,
588 1082 630 1146 ob
665 1083 820 1146 causam?
873 1081 958 1156 Quia
990 1083 1120 1150 scilicet

168 1171 361 1236 imminebat
382 1170 451 1235 dies
474 1171 599 1234 domini
612 1170 785 1236 horribilis.
821 1171 906 1250 Ergo
922 1171 958 1236 in
979 1172 1116 1252 publico

168 1261 310 1343 periculo
332 1279 445 1323 omnes
466 1260 613 1323 hortatur
635 1259 677 1322 ad
700 1258 899 1340 agnitionem
921 1261 1119 1340 peccatiet

169 1348 285 1412 seriam
307 1347 548 1430 poenitentiam,
572 1354 610 1412 ut
631 1348 668 1411 in
686 1353 832 1428 tempore
847 1355 1029 1412 occurratur
1043 1349 1115 1411 irae

169 1436 232 1500 dei.
267 1435 330 1500 Sed
353 1435 463 1499 confer
477 1442 514 1500 tu
529 1437 705 1519 prophetae
720 1437 835 1500 utilem
854 1436 1117 1502 exhortationem

168 1523 211 1586 ad
233 1530 359 1587 nostros
382 1544 497 1587 mores.
535 1525 616 1588 Vult
630 1525 729 1588 etiam
747 1543 898 1588 concessa
920 1531 953 1588 et
973 1525 1117 1591 honesta

168 1611 286 1692 gaudia
318 1612 355 1675 in
389 1613 528 1696 publicis
561 1614 799 1677 calamitatibus
832 1613 1012 1681 intermitti.
1066 1615 1116 1676 At

168 1701 272 1765 nostri
298 1701 448 1765 homines
478 1703 515 1765 in
544 1708 636 1766 tanta
669 1702 877 1768 concussione
905 1703 1004 1766 totius
1035 1702 1113 1765 Ger,

167 1790 311 1867 maniae,
343 1811 381 1854 ac
409 1791 509 1854 tantis
539 1790 745 1854 ecclesiarum
774 1791 924 1874 periculis
953 1791 1035 1854 nihil
1064 1811 1114 1852 re-

167 1879 303 1944 mittunt
325 1878 365 1943 de
388 1877 697 1962 compotationibus,
728 1900 796 1943 non
825 1879 999 1943 emendant
1028 1880 1113 1943 blas·

167 1969 329 2050 phemias,
358 1989 426 2032 non
447 1969 601 2032 minuunt
622 1988 746 2031 usuras.
792 1967 867 2031 Sine
890 1967 1115 2048 dubioigitur

168 2057 323 2122 atrociora
345 2057 488 2140 pericula
509 2057 757 2140 impoenitentes
781 2056 1040 2121 circumveniant.
1148 2102 1153 2108 -
1249 2127 1254 2134 ,

279 2181 534 2258 Sacerdotes,
587 2179 769 2244 ministri
814 2180 891 2257 dei,
945 2180 1116 2261 plorent

211 2270 322 2334 inter
350 2270 607 2335 vestibulum
637 2275 676 2332 et
706 2270 845 2346 altare,
882 2288 924 2332 ac
950 2268 1110 2332 dicant:

211 2359 399 2420 Miserere
425 2357 586 2421 domine
616 2378 735 2439 super
763 2358 953 2440 populum
986 2363 1111 2436 tuum,

212 2452 251 2508 et
272 2465 321 2508 ne
344 2445 413 2509 des
440 2446 732 2509 haereditatem
760 2453 871 2510 tuam
900 2447 941 2510 in
967 2466 1112 2528 oppro-

210 2534 359 2610 brium,
383 2539 428 2598 ut
449 2533 714 2598 dominentur
736 2536 794 2598 eis
810 2541 965 2616 gentes,
990 2555 1113 2615 quare

211 2622 354 2687 dicent
375 2623 418 2685 in
438 2624 618 2706 populis:
647 2624 725 2687 Ubi
749 2631 810 2687 est
832 2624 927 2687 deus
950 2626 1111 2686 eorum?

253 2729 319 2792 Hic
341 2749 471 2794 causam
486 2729 577 2794 vides
599 2736 667 2794 tam
683 2729 814 2793 celebris
831 2735 1015 2806 conventus,
1041 2751 1110 2794 non

164 2819 234 2885 vult
263 2819 351 2882 enirn
379 2826 487 2884 mutos
516 2840 599 2896 esse,
635 2817 693 2882 sed
720 2818 825 2896 iubet,
860 2824 899 2882 ut
929 2818 1110 2882 sacerdotes

165 2909 294 2990 publice
318 2909 497 2972 orationem
519 2909 700 2985 instituant,
724 2927 824 2988 quam
839 2908 980 2991 populus
995 2913 1113 2990 postea

165 3017 242 3062 voce
271 2999 494 3078 subsequatur.
540 2998 685 3059 Primum
714 3003 821 3060 autem
855 2997 891 3058 in
924 2997 986 3058 hac
1018 3016 1110 3078 prae·

165 3087 289 3149 catione
312 3085 513 3150 observanda
533 3092 584 3149 est
599 3085 771 3167 appellatio
787 3085 848 3162 dei,
874 3105 974 3165 quam
990 3092 1111 3149 vocant

164 3179 458 3252 tetragrammaton.
505 3173 578 3236 Non
609 3175 697 3236 enirn
719 3174 831 3236 Iudaei
859 3172 1030 3236 dominum
1054 3195 1109 3256 ap-

165 3263 330 3345 pellabant
350 3269 388 3324 ut
410 3268 531 3342 gentes,
555 3282 637 3342 quae
662 3263 813 3326 carebant
826 3263 923 3326 verbo
947 3267 979 3325 et
996 3282 1112 3326 veram

165 3349 218 3414 dei
255 3349 404 3414 notitiam
441 3346 523 3415 non*
545 3344 740 3423 habebant.3
805 3351 928 3415 Norant
973 3350 1111 3430 quidem

165 3439 263 3502 deum
297 3458 366 3502 esse
400 3441 598 3504 conditorem
632 3439 780 3502 omnium
813 3459 936 3516 rerum,
974 3439 1031 3502 sed
1067 3441 1111 3504 de

254 3614 281 3680 1)
304 3615 340 3667 In
364 3612 481 3681 publico
502 3613 583 3666 luctu
606 3613 695 3668 etiarn
723 3629 859 3669 concessa
885 3613 991 3680 gaudia
1018 3613 1110 3668 inter-

164 3684 313 3738 mittenda.
351 3683 379 3750 2)
398 3685 475 3739 Ien:
500 3683 606 3738 Psalm.
626 3684 670 3737 19.
705 3684 734 3752 3)
754 3686 821 3740 edit.
840 3689 870 3739 et
887 3686 964 3739 Ion:
991 3682 1109 3740 domini

163 3756 318 3822 appellatio
336 3755 368 3808 in
385 3754 501 3822 piorum
518 3754 696 3812 orationibus
715 3756 785 3824 quid
804 3757 954 3824 significet.

999 3865 1014 3906 0
1040 3901 1045 3912 1
