2584 4267
230 242 294 309 150
563 240 669 323 Caput
689 241 833 322 primum

226 416 444 501 pestilitatem.
490 418 538 479 De
560 417 719 481 bellorum
740 417 924 481 rumoribus
946 420 980 481 et
1002 417 1073 480 aliis
1087 417 1175 499 peri-

227 508 316 583 culis,
341 506 459 586 quibus
481 505 677 571 involvimur
698 507 735 569 in
756 506 825 569 dies
848 506 954 584 altius,
978 506 1063 569 nihil
1084 506 1172 569 dico.

180 626 185 634 ·
226 597 310 659 Vero
344 595 432 657 enim
468 594 504 657 in
541 615 580 660 ea
616 595 791 658 incidimus
828 601 989 676 tempora,
1029 614 1174 675 quorum

228 684 372 765 superior
394 690 482 747 aetas
504 682 588 747 nihil
609 683 692 747 vidit
713 683 828 747 simile.
874 683 938 747 Sed
960 702 1033 746 ecce
1055 702 1177 747 omncs

227 774 293 835 fera
326 778 484 851 tanquam
518 771 660 849 attoniti,
699 772 798 835 etiam
831 791 914 852 quae
948 772 1049 836 oculis
1082 771 1172 835 vide·

227 879 315 938 mus,
360 849 442 941 quac
484 860 655 942 palpamus
692 861 859 938 manibus,
904 882 972 923 non
1008 859 1170 936 videmus,

228 970 288 1014 nee
311 968 470 1013 curamus.
516 946 650 1030 Alioqui
666 950 696 1013 si
710 950 792 1013 serio
807 955 1020 1013 statueremus
1034 949 1176 1011 immitti

226 1039 307 1103 haec
323 1038 366 1101 ab
379 1039 461 1101 irato
476 1036 546 1113 deo,
571 1058 609 1101 ac
627 1044 810 1102 nostrorum
827 1045 1033 1121 peccatorum
1046 1057 1175 1119 poenas

229 1140 316 1204 esse,
339 1127 780 1209 profectocommoveremur
802 1127 919 1190 animis
942 1134 975 1191 et
997 1127 1038 1189 de
1059 1126 1177 1209 poeni·

227 1216 330 1281 tentia
359 1215 582 1295 cogitaremus.
627 1216 703 1279 Non
735 1216 834 1295 igitur
867 1215 945 1279 satis
979 1222 1049 1291 est,
1080 1214 1178 1296 quod

228 1305 308 1369 deus
332 1304 450 1384 affligit
471 1323 547 1380 nos,
572 1304 660 1384 quod
682 1304 784 1368 mittit
806 1304 910 1368 varias
931 1310 1055 1385 pestes,
1087 1303 1170 1367 exci-

227 1392 329 1457 tanda
357 1393 445 1455 enim
473 1392 554 1455 hacc
583 1399 661 1456 sunt
689 1413 747 1475 per
768 1393 986 1456 ministerium
1007 1392 1177 1474 propheti*

228 1500 314 1557 cum,
338 1487 371 1544 et
392 1480 592 1545 subiicienda
607 1482 817 1545 attonitorum
837 1482 947 1559 noun,
972 1482 1094 1562 alioqui
1116 1482 1179 1544 fiet

183 1612 186 1616 -
227 1576 269 1633 ut
299 1588 428 1652 prorsus
462 1570 675 1650 negligantur,
715 1572 799 1635 sicut
834 1570 992 1633 beneficia
1029 1589 1176 1650 qnoque,

228 1658 292 1729 nisi
314 1658 521 1741 perverbum
536 1659 723 1737 excitemur,
744 1660 868 1740 egregie
883 1659 1087 1739 negligimus,
1111 1678 1178 1721 nec
1222 1740 1226 1747 Ι

229 1748 402 1813 statuimus
425 1767 463 1810 ea
485 1767 506 1809 a
526 1747 668 1827 benigno
690 1754 782 1828 patre
808 1748 939 1824 donari,
970 1754 1067 1828 atque
1096 1747 1177 1809 ideo
1258 1789 1259 1799 η

230 1856 359 1917 quoque
381 1836 417 1899 in
440 1855 551 1899 eorum
573 1854 636 1898 usu
659 1856 772 1899 sumus
794 1836 996 1900 incautiores.

139 1930 142 1936 '
318 1925 425 2005 Atque
452 1925 532 1987 haee
561 1944 659 1990 causa
688 1930 749 2001 est,
785 1943 841 1987 cur
875 1924 963 1987 dicat
994 1924 1175 2006 propheta:
1258 1985 1259 2006 2

228 2012 348 2077 Audite
370 2013 433 2077 hoc
465 2032 571 2090 senes,
601 2014 778 2077 auscultate
801 2033 913 2077 omnes
936 2012 994 2094 qui
1015 2011 1178 2075 habitatis
1255 2015 1259 2099 t

231 2108 359 2166 terram.
406 2101 509 2166 Dicite
542 2103 623 2166 haec
657 2103 732 2166 filiis
765 2103 879 2166 vestris
912 2107 973 2165 etc.
1025 2101 1175 2163 Primum
1253 2100 1259 2173 l

230 2190 318 2253 enim
341 2210 423 2272 opus
446 2196 505 2266 est,
528 2197 566 2254 ut
587 2210 645 2272 per
667 2190 884 2254 ministerium
905 2188 1004 2267 verbi,
1028 2195 1101 2253 tum
1124 2190 1178 2251 ira
1257 2231 1259 2240 «

230 2278 292 2355 dei,
316 2285 388 2342 tum
410 2278 628 2341 misericordia
649 2279 827 2343 inculcetur
849 2279 977 2342 animis.
1023 2278 1086 2341 Sed
1108 2279 1177 2341 hoc

229 2386 297 2429 non
321 2367 399 2429 satis
422 2373 486 2442 est,
510 2354 575 2429 n'isi
596 2372 709 2447 postea
731 2369 830 2431 etiam
852 2367 1058 2448 oeconomica
1078 2366 1174 2430 disci
1258 2382 1259 2448 l

229 2454 321 2537 plina
335 2454 503 2518 adiuvetur
518 2454 636 2532 doctor,
654 2476 691 2520 ac
705 2463 854 2537 parentes
870 2456 984 2519 eadem
1001 2456 1179 2535 diligenter
1258 2475 1259 2494 l

229 2549 301 2605 tum
323 2542 432 2605 liberis
455 2548 527 2605 tum
549 2543 691 2607 familiae
714 2545 804 2608 domi
824 2546 1001 2621 inculcent,
1029 2563 1113 2624 quae
1136 2543 1176 2606 in
1256 2577 1259 2624 t

229 2630 359 2712 publico
390 2649 447 2694 seu
480 2633 614 2713 templis
645 2654 687 2696 ex
714 2634 778 2716 piis
808 2632 992 2697 doctoribus
1022 2632 1175 2695 audiunt.
1258 2631 1259 2708 ᾗ

171 2777 173 2786 ,
228 2719 301 2783 Hoc
335 2720 425 2783 enim
458 2721 604 2785 studium
634 2723 662 2784 si
691 2721 791 2799 desit,
827 2722 1004 2785 admodum
1034 2721 1177 2800 exiguus
1258 2713 1259 2758 Ψ

228 2808 351 2891 publici
380 2808 552 2873 ministerii
580 2810 704 2873 fructus
733 2812 803 2873 erit.
849 2810 913 2873 Sed
939 2810 1094 2873 translata
1116 2810 1177 2890 pia
1258 2808 1259 2850 ³

232 2896 377 2962 doctrina
399 2898 435 2961 in
457 2897 735 2979 privatasdomos
756 2898 820 2961 ista
841 2897 908 2959 irae
930 2898 1080 2979 exempla
1100 2917 1176 2979 pro·
1258 2927 1259 2987 3

229 2986 335 3069 posits
371 2984 519 3048 infirmas
557 2986 670 3063 aetati,
716 3006 754 3049 ac
790 2986 952 3049 inculcata
991 2986 1175 3065 diligenter,
1258 3036 1259 3062 2

230 3074 443 3154 multiplicem
466 3074 609 3139 fructum
630 3075 755 3139 timoris
785 3075 838 3138 dei
867 3077 1010 3139 afferent.
1057 3075 1174 3153 Itaque
1258 3090 1259 3093 ’

230 3163 374 3244 postulat
402 3160 523 3242 ubique
551 3163 631 3228 deus
664 3165 750 3227 hano
780 3163 983 3245 diligentiam
1011 3184 1031 3226 a
1059 3183 1175 3244 paren·
1257 3167 1259 3198 ³

230 3250 334 3327 tibus,
365 3250 436 3315 vult
463 3252 635 3334 propagari
658 3252 838 3315 doctrinam
864 3252 1010 3335 pietatis,
1040 3256 1079 3314 nt
1104 3252 1175 3313 irae
1258 3281 1259 3290 κ

231 3337 389 3420 exemplis
412 3330 563 3404 deterrita
585 3340 742 3405 infirmior
757 3348 845 3406 aetas
861 3362 881 3404 a
895 3340 1035 3423 peccatis
1051 3347 1176 3404 caveat.
1258 3356 1259 3368 ¹

231 3433 263 3491 et
291 3426 427 3492 invitata
454 3428 637 3510 insignibus
664 3429 828 3493 beneficiis
858 3429 927 3506 dei,
957 3430 993 3507 in
1019 3429 1156 3491 omnibu
1258 3478 1259 3512 a

231 3516 382 3599 perieulis
416 3516 519 3581 discat
557 3516 716 3580 confidere
752 3517 989 3582 misericordiae
1027 3517 1096 3593 dei,
1136 3536 1156 3579 a
1258 3537 1259 3577 3

232 3624 358 3687 sperare
379 3606 611 3669 liberationem.
647 3606 737 3671 Sicut
751 3613 860 3670 autem
883 3612 969 3669 certa
990 3605 1164 3670 benedicti<
1258 3600 1259 3663 3

231 3696 316 3757 hanc
343 3694 471 3776 piorum
491 3686 673 3777 'parentum
702 3716 814 3759 euram
843 3694 997 3776 sequitur,
1032 3714 1111 3757 nam
1138 3694 1164 3769 ir
1258 3694 1259 3727 ³
