2584 4267
20 3103 32 3203 ἑ,

20 3209 25 3330 ξ

1027 326 1361 407 propheta.
2006 319 2135 391 511'

433 499 702 563 Summa
760 520 910 582 ergo
963 503 1317 583 prophetae
1378 504 1546 584 est†:
1620 506 1961 586 prophetat
2029 506 2133 568 ad·

254 608 473 653 versus
516 588 861 653 Idumaeos
895 590 1250 655 vindictam
1294 593 1404 654 dei
1447 593 1762 669 futuram,
1835 613 1910 655 eo
1955 595 2133 673 quod

252 682 543 759 tempore
589 679 981 761 captivitatis
1023 680 1453 760 Babylonicae
1498 677 1769 762 volupe*
1814 682 1905 744 eis
1936 681 2146 746 fuerit.

251 767 482 828 misere
528 767 732 847 affligi
775 773 843 831 et
884 768 956 830 in
1010 770 1450 850 captivitatem
1510 764 1779 832 abduci¹
1833 770 2129 848 Iudaeos,

251 874 527 934 quorum
607 862 828 918 tamen
845 907 859 932 ,
955 857 1110 937 quia
1190 857 1417 922 fratres
1500 864 1683 921 erant
1699 907 1713 934 ‚
1807 857 2131 921 debebant

253 963 558 1006 mlsereri.

426 1026 747 1095 Deinde²z
782 1033 1128 1097 devastatis
1153 1053 1410 1098 rursum
1438 1036 1565 1097 illis
1597 1037 1917 1115 gentibuS,
1964 1057 2130 1117 quae

247 1139 521 1201 regnum
565 1120 731 1184 Iuda
775 1121 1262 1188 devastaverant
1306 1122 1546 1186 iudicio
1592 1123 1717 1199 dei,
1766 1126 1999 1187 transit
2044 1125 2132 1186 ad

247 1228 517 1289 regnum
563 1208 821 1286 Christi,
870 1211 1045 1290 quod
1091 1212 1388 1274 futurum
1432 1212 1519 1274 sit
1547 1232 1662 1292 per
1701 1212 2125 1332 evangelium,

245 1297 316 1358 in
361 1317 490 1377 quo
536 1297 760 1361 florere
799 1297 1078 1365 debeant
1116 1299 1426 1380 reliquiae
1456 1294 1829 1381 Ephraim,3
1884 1301 2130 1363 Israhel

243 1391 363 1447 etc.
455 1381 707 1466 Atque⁴
758 1387 851 1450 ita
896 1409 1028 1451 non
1072 1388 1399 1453 videbitur
1456 1387 1619 1451 dura
1675 1390 2002 1466 transitio,
2063 1397 2136 1451 et

240 1480 408 1537 recte
457 1474 677 1537 omnia
721 1478 1115 1540 conveniunt
1169 1478 1342 1541 inter
1399 1497 1487 1554 se,
1546 1475 1723 1557 quod
1768 1439 2010 1558 alioqui
2055 1478 2127 1540 in

241 1561 384 1625 aliis
431 1562 891 1646 interpretibus
936 1564 1278 1629 durissime
1326 1562 1715 1629 cohaeret.³¹‘*

308 1715 526 1784 ⁵Haec
572 1720 731 1783 dicit
773 1721 1078 1785 dominus
1123 1723 1283 1786 deus
1330 1723 1412 1785 de
1458 1723 1699 1785 Edom:
1749 1723 2065 1786 Auditum

769 1805 1113 1889 (1311131116)
1161 1805 1589 1876 audivimus.⁷

420 1916 591 1980 Usus
637 1923 736 1980 est
777 1917 1173 1999 metaphoris
1219 1918 1439 1981 tractis
1470 1937 1511 1979 a
1542 1916 1733 1979 rebus
1763 1913 2122 1994 bellicis,††

235 2012 313 2068 ut
380 2005 898 2086 perterrefaceret
961 2004 1305 2069 Idumaeos
1382 2012 1447 2069 et
1522 2005 1955 2067 calamitatem
2031 2007 2123 2067 eis

235 2094 529 2156 futuram
575 2101 1006 2174 exaggeraret.
1098 2095 1216 2158 Est
1259 2101 1480 2158 autem
1510 2100 1715 2158 tracta
1743 2093 2123 2173 metaphora

235 2202 277 2243 a
321 2202 500 2244 more
546 2182 794 2259 benico,
843 2183 1104 2264 quando
1149 2183 1357 2247 solent
1401 2183 1575 2246 mitti
1627 2182 1822 2262 legati
1865 2183 2123 2261 magnis

235 2269 320 2332 de
366 2270 576 2347 rebus,
627 2266 961 2335 adversos⁸
1015 2270 1188 2336 soliti
1232 2291 1616 2353 componere
1648 2270 1907 2345 amicos,
1958 2289 2020 2350 q.
2056 2270 2119 2332 d.

235 2358 495 2439 Reliqui
539 2378 720 2439 reges
765 2365 833 2421 et
874 2359 1200 2442 principes
1229 2379 1350 2442 per,
1372 2360 1615 2440 legatos
1648 2379 1797 2423 suos
1830 2358 2123 2422 efficiunt

234 2465 340 2509 res
399 2466 568 2524 suas,
631 2467 749 2528 ego
808 2467 924 2528 per
980 2469 1086 2511 me
1131 2449 1350 2530 ipsum
1395 2449 1689 2529 expedio,
1739 2468 1854 2530 per
1899 2468 2121 2511 meum

235 2535 561 2616 spiritum.

419 2723 471 2792 ¹³)
525 2725 741 2793 Incipit
791 2742 850 2793 p.
904 2724 1088 2781 XCII.
1144 2724 1335 2780 Msci.
1428 2725 1509 2790 ¹”)
1564 2725 1698 2780 vide
1748 2726 1992 2781 aliorum
2027 2728 2121 2782 ad·

232 2795 583 2852 notationes.

417 2975 472 3042 1)
496 2974 647 3028 duci
690 2973 748 3042 2)
775 2974 940 3028 deest
955 2977 1090 3040 post
1105 2973 1342 3028 deinde:
1370 2974 1772 3039 devastatis—
1794 2975 1905 3028 dei.
1940 2975 1999 3043 3)
2025 2977 2119 3031 vel

229 3046 476 3101 Israhel.
547 3045 604 3113 4)
653 3047 839 3099 deest:
895 3045 1088 3112 Atque
1124 3073 1190 3083 —
1228 3046 1509 3099 cohaeret.
1582 3045 1638 3112 5)
1692 3046 2117 3101 Praemittitur:

233 3115 431 3185 Oaput
454 3118 722 3185 primum.
700 3114 912 3200 ffi)
855 3114 912 3184 6)
937 3116 1030 3171 vel
1047 3116 1277 3170 famam.
1324 3115 1702 3184 (Vocabulum
1720 3116 1936 3169 famam
1959 3133 2117 3172 voca-

230 3189 374 3242 bulo
409 3187 711 3243 auditum
695 3205 759 3241 m
777 3186 927 3242 hbro
943 3185 1145 3241 MSOo.
1166 3185 1625 3268 superscriptum
1642 3185 1755 3254 081·,>
1830 3186 1886 3254 7)
1920 3188 2116 3242 audivi

229 3263 339 3326 etc,
433 3258 864 3327 (Abbreviatam
917 3258 1215 3327 syllabam,
1218 3256 1367 3311 mus‘
1411 3255 1596 3310 editor
1648 3257 1801 3310 male
1848 3273 1955 3340 pro
2007 3262 2114 3311 etc.

227 3328 411 3397 legit.)
484 3328 541 3396 8)
587 3329 780 3384 deest·
833 3329 1210 3385 adversos—
1249 3328 1535 3396 spiritum.
1608 3326 1867 3393 Legitur:
1912 3327 2114 3382 inituri

247 3399 469 3453 'aedera
501 3403 702 3453 contra
737 3414 1100 3454 communem
1134 3400 1389 3466 aliquem
1423 3398 1669 3452 hostem.

409 3574 469 3643 †)
521 3577 755 3632 Summa
789 3577 1142 3646 prophetiae.
1215 3576 1312 3646 ††)
1361 3577 1512 3630 Ῑο0.·
1561 3577 1759 3630 Terret
1803 3576 2110 3630 Idumaeos

255 3646 430 3713 iguris
484 3648 560 3702 ad
612 3648 675 3703 id
728 3663 868 3702 usus
921 3647 1381 3702 accommodatis.
1456 3647 1667 3702 Vuitt:
1722 3645 2110 3701 Comminatio

263 3717 443 3772 xcidii
496 3718 912 3774 Idumaeorum.
1037 3716 1170 3787 †††)
1237 3719 1508 3786 Sequitur
1562 3718 1626 3772 in
1697 3719 1821 3772 coll.
1875 3716 2109 3771 lenensi

261 3793 537 3845 ontextus
555 3790 732 3846 totius
754 3789 1091 3858 prophetiae
1115 3790 1435 3845 secundum
1458 3791 1751 3858 vulgatam
1776 3789 2105 3845 editionem.
