2584 4267
881 241 1079 302 Amos
1125 242 1495 323 prophetae.
1997 242 2125 305 443

425 416 634 480 Multa
712 415 916 498 impia
991 417 1284 481 fecerunt
1300 468 1315 494 ,
1372 436 1563 500 ,quae
1642 417 1929 482 interim·
1978 419 2130 483 tulit

248 504 573 580 (lominus,
644 503 813 568 sicut
877 511 976 568 est
1041 506 1113 569 in
1178 507 1431 588 psalmo
1501 508 1619 570 94:
1699 505 2129 588 quadraginta

248 596 437 656 annis
489 600 604 656 ete.
697 593 865 656 Vide
911 594 995 657 ad
1039 595 1239 658 Hebr.
1290 596 1350 657 3.
1442 596 1544 659 Ita
1599 595 1710 659 hic
1764 597 1976 676 arguit
2019 616 2127 660 eos

248 680 646 744 idololatriae
713 703 776 764 q.
849 682 944 747 d.:
1026 685 1290 747 Patrum
1356 684 1599 749 similes
1666 684 1839 760 estis,
1886 689 2127 766 „patres

248 772 442 832 vestri
489 771 677 834 idolis
708 777 774 834 et
803 771 1393 836 abominationibus
1436 778 1657 836 contra
1684 770 1882 835 deum
1910 792 2126 854 pecca-

248 868 497 936 verunt,
545 860 637 924 ita
681 880 795 924 vos
832 859 1106 924 eandem
1135 861 1538 942 impietatem
1567 861 1933 936 sectamini;
1981 860 2128 925 ideo

248 956 501 1012 corruet
545 956 609 1012 et
653 949 976 1014 auferetur
1021 969 1060 1012 a
1102 950 1287 1014 vobis
1347 949 1658 1031 quicquid
1717 954 1818 1014 est
1871 951 1943 1013 in
1998 970 2127 1031 quo

252 1036 610 1113 confiditis,
657 1039 870 1103 omnis
915 1039 1164 1103 iustitia
1216 1045 1459 1116 vestra,
1506 1058 1750 1121 vosque
1795 1040 2126 1102 transfere-

252 1144 429 1188 1111111.

888 1269 1084 1332 Stella
1128 1269 1234 1332 dei
1280 1270 1494 1333 vestri.
1610 1287 1620 1294 ·

429 1376 607 1448 Quae
665 1375 862 1439 fuerit
914 1374 1076 1439 haec
1144 1375 1329 1438 stella
1396 1396 1479 1438 ex
1546 1374 1861 1457 scriptura
1916 1375 2128 1456 colligi

252 1484 377 1524 11ῡ11
425 1457 696 1544 potest!

867 1688 1092 1774 eaput
1138 1687 1509 1770 Sextum.†

425 1817 879 1897 Perseverat&
921 1819 1238 1900 propheta
1267 1816 1655 1879 denunciare
1687 1815 2128 1897 captivitatem

251 1904 557 1980 futuram,
607 1925 806 1986 quam
837 1925 1032 1988 supra
1063 1925 1316 1987 semper
1345 1909 1444 1968 est
1471 1905 1775 1968 minatus.
1868 1898 2117 1984 Atque²

248 1992 353 2056 hic
397 1996 636 2056 iterum
692 1994 895 2058 alium
961 2014 1324 2058 sermonem
1391 1993 1663 2070 orditur,
1735 2011 1864 2073 quo
1932 1992 2130 2055 simul

248 2080 409 2144 duas
457 2084 664 2147 tribus
710 2084 1172 2166 complectitur,
1219 2089 1359 2146 tam
1403 2101 1511 2145 eos
1558 2082 1673 2162 qui
1724 2081 1796 2144 in
1840 2079 2130 2144 Samaria

252 2176 433 2236 erant
481 2192 678 2252 quam
723 2172 840 2253 qui
880 2173 953 2236 in
996 2171 1259 2250 Israhel,
1321 2177 1387 2234 et
1430 2190 1655 2234 omnes
1701 2169 2127 2236 devastandos

248 2260 561 2340 ‘praedicit
628 2268 694 2326 et
757 2261 1170 2326 abducendos
1236 2280 1352 2343 per
1418 2258 1773 2341 Assyrium.
1866 2259 1999 2322 Nos
2056 2258 2129 2321 in

248 2348 365 2412 hac
429 2350 712 2432 simplici
779 2351 1099 2415 sententia
1149 2348 1577 2426 manebimus,
1647 2355 1724 2413 ut
1790 2347 2128 2430 captivitas

248 2436 644 2520 Babylonica
709 2439 1121 2519 intelligatur,
1191 2432 1362 2502 non⁸
1438 2438 1792 2503 novissima
1856 2438 1985 2514 illa,
2055 2443 2130 2500 ut

252 2528 405 2604 quid
413 2548 521 2588 am
581 2526 807 2591 volunt
820 2577 834 2605 ,
896 2527 1051 2608 quia
1103 2547 1236 2590 non
1289 2526 1461 2607 cogit
1518 2539 1637 2590 nos
1697 2527 2045 2590 necessitas
2090 2546 2129 2588 a

252 2612 662 2696 simplicitate
706 2617 834 2680 ista
870 2620 1086 2679 textus
1116 2614 1425 2678 recedere.
1517 2615 1866 2694 Prophetat
1908 2620 2127 2677 autem

248 2712 473 2764 contra
517 2704 838 2785 principes
884 2710 951 2768 et
993 2704 1338 2785 optimates
1383 2702 1627 2784 populi,
1686 2702 1803 2781 qui
1855 2702 2019 2764 luxu
2062 2708 2128 2765 et

252 2792 557 2852 omnibus
615 2792 857 2856 divitiis
916 2792 1355 2866 abundabant,
1410 2809 1637 2854 verum
1691 2809 1825 2852 non
1878 2788 1951 2851 in
2002 2789 2129 2852 hoc

252 2880 465 2960 argunt
505 2880 857 2962 impietatis
886 2880 1062 2962 quod
1107 2879 1340 2945 divites
1372 2884 1542 2956 sunt,
1590 2877 1705 2941 sed
1750 2877 1926 2959 quod
1970 2876 2124 2943 divi-

429 3056 485 3120 1}
533 3055 806 3109 Additur:
854 3056 1183 3123 Stephanus
1219 3053 1285 3107 in
1308 3052 1469 3107 Actis
1492 3052 1748 3120 appellat
1772 3053 1951 3122 sydus
1986 3052 2127 3106 idoli

252 3124 569 3193 Rsmphan.
644 3125 701 3194 2)
755 3125 990 3181 Orditur
1027 3129 1222 3180 autem
1255 3124 1352 3177 hic
1385 3139 1601 3178 novum
1638 3139 1976 3191 sermonem,
2013 3139 2127 3190 quo

249 3195 423 3250 simul
460 3197 858 3265 complectitur
894 3213 1135 3264 regnum
1168 3194 1317 3249 Iuda
1364 3198 1425 3248 et
1472 3209 1715 3261 regnum
1763 3194 2014 3261 Israhel,
2061 3209 2127 3247 ac

248 3265 635 3392 devastandos
658 3272 721 3323 et
743 3268 1114 3324 abducendos
1137 3281 1341 3322 omnes
1365 3265 1507 3321 dicit
1527 3281 1635 3334 per
1658 3280 1783 3333 sqq.
1856 3264 1913 3332 3)
1937 3265 2122 3320 deest:

249 3351 368 3392 non
407 3367 474 3376 —
512 3355 586 3393 vo
607 3344 731 3394 unt.

425 3497 484 3566 †)
537 3498 806 3567 Sequitur
841 3498 907 3552 in
942 3498 1274 3552 collectione
1312 3496 1545 3551 Ienensi
1581 3497 1884 3550 contextus
1922 3493 2127 3562 capitis

301 3568 401 3622 >xti
438 3571 759 3633 secundum
794 3571 944 3636 vulg.
983 3568 1118 3622 edit.
1191 3569 1290 3636 ††)
1333 3569 1486 3622 Ien.:
1544 3567 1705 3623 Nova
1750 3565 1963 3633 conci0,
2013 3579 2128 3631 qua

176 3637 180 3645 '
301 3642 559 3709 trumque
603 3657 844 3708 regnum
889 3639 1267 3696 evertendum
1315 3639 1609 3708 praedicit.
1692 3636 1901 3691 Vuitt.:
1954 3635 2130 3702 Argu·

310 3715 511 3766 entum
548 3713 699 3767 sexti
738 3712 960 3780 capitis.
