2584 4267
992 292 1187 355 Joelis
1233 294 1601 375 prophetae.
2106 294 2234 363 269
2302 320 2305 324 ·
2482 301 2486 308 ’
2538 256 2546 293 τ

345 470 438 530 de
478 470 804 534 vocatione
834 469 1144 549 gentium,
1192 471 1362 535 hanc
1393 490 1510 534 ceu
1547 472 1908 552 aenigmate
1947 472 2234 538 involvit.
2300 510 2302 515 ·

345 558 530 618 Dicit
590 558 766 622 enim
824 564 1045 638 gentes
1111 558 1434 622 vocandas
1500 560 1571 621 in
1620 560 1898 636 vallem,
1970 560 2040 622 in
2108 580 2239 641 qua
2345 629 2349 635 ,

349 646 662 710 dommus
710 646 1037 723 iudicabit,
1094 653 1160 710 et
1202 648 1513 712 retribuet
1557 647 1649 710 eis
1695 668 1864 728 quae
1905 648 2032 730 ipsi
2077 649 2234 712 fece*-

349 742 514 798 runt
566 738 805 814 populo
860 735 997 811 dei,
1063 755 1217 798 nam
1276 743 1496 816 gentes
1557 755 1813 816 quoque
1865 736 2237 802 vendendas
2355 802 2364 818 ,

349 822 618 886 Sabaeis
666 824 1056 903 ‚longinquae
1102 825 1300 904 genti.

550 906 570 942 ²
586 914 770 974 Nunc
813 911 997 975 addit
1040 914 1553 977 exhortationem
1599 913 1682 976 ad
1742 870 1990 1004 genteS,
2049 921 2124 977 ιιι
2168 934 2236 977 se

349 1002 438 1062 ad
490 1002 610 1062 hoc
658 1002 900 1062 bellum
946 1007 1192 1082 parent
1288 999 1747 1084 complectitur
1804 1000 2024 1066 autem
2082 1002 2232 1065 duc.

357 1082 618 1150 2Ριὶιιιιι
650 1089 947 1164 ostendit,
992 1096 1235 1170 quanto
1278 1091 1495 1153 furore
1535 1109 1604 1154 se
1633 1091 1918 1154 mundus
1949 1098 2237 1172 opponat

349 1178 706 1258 evangalio
796 1176 1044 1240 Deinde
1090 1178 1171 1240 de
1216 1186 1451 1242 eventu
1496 1178 1701 1255 docet,
1751 1179 1925 1259 quod
1970 1180 2236 1242 consilia

349 1266 586 1326 mundi
662 1266 895 1328 frustra
947 1267 1094 1329 sint.
1199 1268 1368 1341 Quia
1433 1268 1610 1330 enim
1677 1287 1792 1348 per
1860 1268 2234 1347 evangelion

349 1354 630 1414 Satanae
690 1378 754 1418 ιι
758 1374 959 1434 gnum
1016 1356 1257 1436 petitur
1271 1405 1286 1432 ,
1359 1354 1667 1435 quicquid
1729 1361 1940 1436 potest
1991 1354 2232 1421 virium

349 1442 674 1506 contrahit
722 1443 802 1506 ad
850 1463 968 1506 sua
1011 1443 1438 1510 defendenda.
1501 1445 1634 1507 Nec
1677 1464 1845 1527 opus
1888 1451 1988 1507 est
2033 1464 2229 1508 accer-

345 1550 494 1594 sera
542 1532 877 1594 vetustatis
921 1534 1236 1614 exempla,
1287 1533 1522 1612 quibus
1568 1533 1868 1613 periculis
1914 1535 2232 1615 populum

345 1622 466 1682 dei
510 1642 762 1702 Semper
804 1621 1159 1697 involverit,
1210 1641 1374 1701 quae
1407 1623 1675 1685 consilia
1720 1623 1803 1684 ad
1849 1623 2001 1685 novi
2044 1628 2228 1704 testa-
2277 1625 2282 1629 ’

349 1710 558 1770 menti
606 1710 938 1772 ecclesiam
990 1710 1508 1773 labefactandam
1565 1711 1637 1773 in
1695 1710 1927 1773 ultima
1981 1730 2228 1772 monar-

345 1798 506 1858 chia
550 1802 826 1874 tentarit,
874 1799 1238 1878 praesentia
1274 1805 1566 1880 tempora
1610 1798 1964 1861 videamus.
2058 1798 2231 1872 Quid
2277 1831 2279 1835 <

345 1886 530 1946 enin]
578 1906 750 1946 nunc
793 1893 960 1949 totos
1006 1907 1208 1951 annos
1256 1895 1400 1951 octo
1446 1893 1511 1949 et
1553 1887 1784 1966 viginti
1842 1906 1973 1949 non
2030 1892 2230 1948 tenta-

345 1982 506 2034 runt
562 1974 895 2054 pontifices
940 1981 1161 2038 contra
1204 1977 1519 2056 evangelii
1577 1974 1934 2038 doctrinam
1951 1976 1982 2036 ‘?
2059 1975 2231 2048 Quid

345 2062 490 2142 epis
498 2066 686 2142 copi?
734 2063 891 2142 quid
919 2065 1241 2141 monachi,
1275 2064 1434 2145 quid
1458 2062 1730 2140 scholae,
1763 2063 1922 2143 quid
1952 2062 2232 2142 denique

345 2170 534 2230 reges
594 2158 658 2214 st
718 2152 1081 2234 principes?
1170 2153 1268 2215 Pii
1329 2152 1617 2216 doctores
1684 2159 1750 2214 et
1802 2153 2009 2214 sancti
2051 2153 2231 2215 verbi

345 2242 750 2302 mnfessnress
791 2242 1036 2323 passim
1093 2243 1273 2307 exuti
1331 2242 1519 2304 bonis
1537 2291 1550 2318 ,
1607 2241 1976 2322 proscripti,
2039 2241 2231 2303 occisi

345 2338 534 2402 sunt,
626 2330 770 2390 libri
869 2331 1257 2393 concremati
1272 2379 1286 2405 ,
1397 2330 1732 2393 conciones
1830 2329 2226 2405 interdictae,

345 2426 814 2482 testamentum
895 2417 1140 2481 Christi
1220 2420 1530 2482 violatum
1547 2469 1561 2496 ‚
1657 2426 1724 2482 et
1807 2438 2040 2482 coenae
2136 2438 2226 2482 sa·

345 2526 498 2566 crae
558 2526 710 2570 ιιιιιιι
766 2506 1097 2587 perversus
1114 2557 1127 2583 ‚
1186 2509 1538 2589 immratae
1587 2509 1750 2570 aliae
1788 2508 2026 2588 impiae
2067 2526 2225 2570 cere-

345 2594 530 2654 mrmi
538 2614 626 2670 aa,
678 2614 842 2674 quae
874 2594 957 2657 ad
982 2601 1290 2675 ⁴questum
1321 2596 1587 2661 faciunt.
1681 2596 1909 2664 Editae
1949 2595 2229 2676 denique

345 2682 686 2746 horribiles
758 2685 1107 2747 sententiae
1188 2690 1412 2748 contra
1464 2684 1842 2748 'doctrinam
1917 2690 2223 2746 nostram.

345 2774 476 2834 Hie
546 2774 754 2834 modis
822 2791 973 2834 cum
1053 2779 1312 2836 tantum
1378 2773 1554 2854 apud
1623 2791 1772 2835 suos
1838 2771 2230 2853 impedirent

345 2862 662 2938 evangelii
714 2881 969 2925 cursum
1014 2861 1280 2925 tandem
1326 2861 1522 2924 etiam
1567 2860 1648 2924 de
1680 2860 1913 2922 nostris
1944 2860 2228 2922 ecclesiis

345 2946 550 3010 asinis
594 2950 1045 3030 opprimendis.
1084 2951 1352 3014 consilia
1393 2950 1558 3013 inita
1601 2955 1772 3012 sunt.

530 3038 674 3098 Ηιιιι
718 3038 1027 3102 nimirum
1072 3045 1171 3103 est
1214 3038 1389 3119 quod
1433 3040 1558 3101 hoc
1602 3039 1673 3100 in
1727 3039 1867 3101 loco
1911 3037 2229 3118 propheta

345 3126 526 3202 dicit,
578 3130 847 3190 excitate
893 3126 1206 3202 robusto&
1253 3146 1542 3191 vomeres
1587 3128 1658 3189 in
1705 3124 1970 3206 gladioS,
2030 3124 2227 3187 falces

345 3214 622 3278 conflate
670 3218 742 3278 in
785 3215 1003 3278 hastas
1024 3265 1039 3292 ,
1098 3216 1223 3278 hoc
1268 3222 1401 3292 est,
1464 3217 1677 3297 potior
1722 3215 1808 3278 sit
1853 3234 2006 3277 cura
2050 3213 2222 3289 belli,

345 3322 550 3382 quam
642 3303 1059 3366 demetendae
1149 3305 1384 3383 segetis
1401 3354 1416 3380 ,
1510 3311 1575 3366 et
1650 3303 1925 3367 arandae
2000 3308 2222 3365 terrae.

373 3394 558 3454 {emo
614 3394 698 3454 ait
758 3391 1014 3468 debilis,
1085 3391 1197 3454 sed
1256 3393 1372 3472 qui
1440 3391 1671 3456 debilis
1727 3397 1857 3468 est,
1929 3390 2104 3453 dicat
2156 3410 2225 3453 se

381 3486 582 3542 artem
634 3502 800 3557 esse,
846 3481 972 3543 hoc
1018 3486 1148 3556 est,
1197 3482 1394 3543 etiam
1440 3482 1554 3561 qui
1599 3481 1683 3544 ad
1727 3480 1972 3543 bellum
2017 3480 2224 3558 inepti

534 3690 586 3746 1²}
634 3690 778 3742 Ιειιη
829 3689 1185 3745 Adhortatur
1234 3695 1464 3760 gentes,
1510 3693 1578 3747 ut
1627 3706 1690 3746 se
1739 3690 1946 3758 parent
1989 3688 2062 3740 ad
2113 3687 2224 3740 hoc

405 3758 582 3810 ι.11ιιιιι
658 3762 710 3826 Ξ]
753 3760 962 3814 Odium
998 3761 1202 3815 mundi
1239 3765 1438 3816 contra
1474 3761 1850 3827 evangelium.
