2584 4267
48 13 228 332 Γ,

48 336 51 397 l
388 323 512 385 Johelis
535 324 718 403 prophetae.
983 324 1025 387 95
1117 325 1120 331 ’

366 500 409 562 Et
431 520 497 563 non
520 504 569 561 est
591 500 742 579 amplius,

106 628 139 670 ex
158 607 288 669 hebraeo
312 612 361 669 est
382 606 568 686 legendum:
600 606 643 668 Et
670 625 736 669 non
763 611 812 669 est
833 607 919 669 ultra
942 607 1026 670 alius

104 702 211 776 praeter
246 691 334 757 me*
397 696 504 775 Atque
541 695 697 757 haetenus
743 695 946 775 prophetavit
984 695 1025 758 de

65 806 69 815 ’
104 785 255 865 temporali
281 784 341 845 illa
367 783 547 863 perditione
580 784 707 863 populi,
744 784 924 863 collapsura
958 804 1026 847 esse

104 874 197 935 omnia
218 874 245 934 si
259 893 326 935 non
349 872 575 953 poenituerint,
601 873 685 935 siout
707 892 766 935 neo
785 873 1023 952 poenituerunt,

105 962 314 1023 restituturum
342 966 451 1023 autem
479 961 577 1023 deum
611 961 735 1036 omnia,
772 962 800 1022 si
828 962 1024 1040 poeniteant,

107 1050 307 1112 abundaturos
335 1068 389 1111 eos
406 1069 488 1111 ‘esse
515 1049 664 1111 omnium
690 1069 798 1111 rerum
825 1050 971 1112 ubertate
993 1054 1027 1112 et

105 1138 190 1218 eopia.
235 1138 306 1211 Quo
341 1137 482 1200 ostendit
515 1139 672 1218 propheta
706 1137 959 1201 misericordiam
993 1144 1041 1200 et·

104 1227 262 1289 bonitatem
286 1226 349 1303 dei,
374 1226 431 1306 qui
454 1226 558 1306 magis
577 1226 657 1289 velit
671 1225 774 1290 vitam
796 1227 970 1306 peccatoris
993 1232 1026 1288 et

104 1316 327 1379 eonversionem
350 1334 449 1395 quam
472 1318 620 1378 mortem.

131 1492 168 1555 Et
188 1494 255 1569 erit,
280 1494 455 1573 posthaec
479 1487 662 1555 effimdam¹
690 1494 841 1573 spiritum
864 1513 984 1556 meum.

176 1617 238 1679 Hie
271 1617 388 1697 incipit
420 1622 507 1681 reota
539 1616 722 1698 prophetia,
758 1637 841 1697 quae
874 1619 969 1698 plane
1004 1636 1025 1680 a

104 1706 375 1784 superioribus'est
398 1706 583 1786 separanda.
630 1704 690 1767 Est
712 1712 821 1768 autem
847 1712 982 1769 tractata
1005 1728 1025 1768 a
1226 1748 1231 1758 ·

104 1792 179 1855 Petro
200 1795 268 1857 Aet.
296 1792 373 1874 2.†‘
397 1794 543 1856 Primum
567 1797 676 1856 autem
706 1798 755 1856 est
781 1793 956 1857 dicendum
983 1794 1024 1856 de
1146 1840 1155 1849 „
1225 1791 1246 1850 ⁹.

104 1879 315 1945 transitione*
352 1882 584 1963 prophetae,††
622 1901 705 1961 quae
727 1876 737 1891 ”
750 1902 815 1944 non
860 1882 1025 1944 intellecta

104 1970 290 2033 vehementer
313 1971 448 2033 offendit
470 1972 602 2035 lectores
625 1967 922 2050 prophetarum*
959 1971 1024 2033 Hie
1052 2011 1056 2022 ι

105 2058 177 2120 enim
199 2065 246 2122 est
261 2079 332 2122 mos
347 2060 585 2140 prophetiali-l
608 2079 683 2123 oum
698 2058 903 2138 prophetiam
918 2078 1021 2135 suam,

106 2146 253 2227 adquam
288 2152 379 2211 erant
405 2150 510 2225 missi,
546 2147 794 2223 nunoiavenmt,
830 2142 1019 2209 dimittunt²

105 2234 151 2297 hoo
188 2236 272 2316 quod
315 2237 446 2299 interim
487 2244 561 2317 post
601 2237 778 2299 revelatam
819 2237 1024 2317 prophetiam

106 2321 294 2402 factumest,
325 2332 357 2389 et
384 2326 495 2388 atatim
518 2325 558 2389 de
582 2325 709 2387 Christo
732 2331 869 2405 pergunt
891 2326 1024 2406 prophe·

106 2415 165 2475 tare.
202 2414 292 2477 Licet
307 2415 395 2476 enim
417 2434 529 2476 omnes
552 2415 727 2494 prophetae
750 2414 791 2475 ad
812 2415 1024 2495 temporalem

108 2498 231 2580 aliquam
258 2522 397 2583 poenam
423 2502 643 2565 nunciandam
671 2502 764 2564 missi
793 2510 882 2579 sunt,
913 2509 1024 2565 tamen

108 2604 212 2669 semper
245 2592 345 2653 etiam
378 2590 418 2654 de
452 2591 579 2653 Christo
613 2585 855 2658 annectebant.³
908 2582 1026 2663 Idem?

108 2674 144 2739 hio
166 2679 229 2759 egit
250 2681 408 2760 propheta
429 2680 533 2757 lohel,
558 2680 616 2760 qui
638 2700 717 2742 mox
740 2680 855 2742 transit
870 2699 890 2741 a
903 2679 1025 2759 populo

54 2819 55 2825 ,
109 2762 285 2830 ludaeorum
309 2769 350 2830 ad
377 2768 524 2831 futurum
550 2769 710 2848 populum
733 2768 866 2844 Christi,
895 2767 1025 2829 omissis

109 2849 217 2917 interim
244 2858 399 2919 omnihus
426 2856 467 2919 iis
490 2876 573 2937 quae
595 2862 685 2936 gesta
708 2862 784 2917 sunt
808 2861 882 2935 post
905 2874 1026 2915 annun·

110 2938 205 3005 eleum
233 2945 437 3025 prophetiam
464 2945 504 3008 de
532 2938 747 3008 devastando⁵
773 2943 923 3006 universo
946 2943 1026 3004 Isra⁴

175 3119 202 3187 *)
222 3120 362 3187 Epilogus
381 3118 569 3189 superiorum.
597 3119 642 3187 **)
661 3119 698 3173 de
716 3118 888 3174 transitione
906 3117 1028 3187 prophe·

110 3185 188 3245 mum
221 3190 287 3257 ***)
304 3194 382 3244 nota.

175 3350 202 3419 1)
221 3350 315 3404 deest:
334 3349 480 3405 effundam
499 3380 532 3389 —
544 3366 650 3404 meum.
677 3350 705 3417 2)
723 3348 890 3403 obmittunt.
919 3349 947 3416 3)
964 3366 1027 3418 pm·

162 3436 239 3475 iones
266 3420 386 3476 addunt.
430 3422 458 3489 4)
483 3421 562 3476 Siout
583 3421 631 3475 hio
657 3420 789 3477 videmus
809 3419 848 3504 in
869 3420 949 3474 loele
976 3420 1027 3487 qui

162 3491 420 3632 usiddpdpiuidegiir
433 3492 728 3631 usspyepplpnlsrahele.
770 3492 899 3558 Legitur:
922 3490 959 3543 de
981 3490 1049 3604 def

166 3671 300 3681 *-

175 3722 346 3850 †)t3lotor.2.
368 3720 415 3789 ἣ)
426 3722 561 3779 transitio
569 3720 737 3793 prophetae.
760 3719 825 3790 ffi)
840 3716 1027 3775 consuetudo

171 3810 195 3849 re
208 3809 262 3850 1ca.
