2584 4267
207 269 270 334 436
532 268 636 349 Caput
658 268 810 348 quintum

204 445 392 510 incidetis
383 467 419 509 111
441 445 639 512 horrendum
667 443 841 521 iudicium,
872 447 984 526 planet
983 446 1027 524 u†
1048 446 1155 527 plena

205 541 300 598 amnt
326 518 437 598 omnia
463 535 548 611 loca,
580 552 694 598 omnes
715 533 787 597 viae
814 539 847 597 et
868 535 1008 616 plateae,
1039 553 1155 617 neque

205 624 353 688 solum
343 644 379 687 m
413 623 613 700 civitatibus,
650 621 708 685 sed
741 628 774 686 et
807 623 964 702 agricolae
992 623 1152 687 lamenta·

204 713 327 778 buntur
274 712 445 790 tur,sicut
466 713 628 793 sequitur·
615 758 627 782 ,.

280 873 323 936 Et
345 872 387 935 ad
410 871 577 953 planctum
599 891 655 935 eos
677 871 735 953 qui
758 871 867 935 sciunt
887 865 1067 961 plangere‚¹

205 999 236 1060 q.
254 978 285 1041 d.
311 974 520 1042 *Generalem
541 979 666 1042 luctum
688 978 725 1042 in
747 983 816 1041 toto
837 997 936 1058 regno
958 978 1085 1053 faciam,
1110 983 1156 1041 ut

204 1068 391 1149 quicunque
425 1069 576 1150 plangere
610 1073 730 1149 potest,
765 1067 908 1149 plangat.
955 1067 1060 1130 Tanta
1087 1066 1157 1130 erit

204 1158 349 1233 miseria,
384 1162 423 1220 ut
451 1176 548 1221 nemo
578 1157 621 1219 sit
654 1157 784 1219 futurus
811 1175 909 1236 quem
937 1175 1005 1218 non
1038 1155 1156 1236 pigeat

204 1240 344 1323 uivere,8
382 1245 538 1326 plangent
568 1252 601 1310 st
627 1261 720 1310 senes
754 1250 787 1309 et
820 1244 968 1321 iuvenes,
1003 1243 1051 1310 cit
1084 1251 1155 1310 mat

204 1333 303 1415 tentet
325 1328 405 1400 [ιιι.ἐι

31 1513 39 1558 4
119 1543 121 1546 Ι
588 1458 627 1519 In
651 1456 763 1533 vineis,

30 1635 37 1662 ἦ
205 1563 240 1628 id
264 1570 325 1626 est:
349 1564 510 1628 vinitores.
557 1563 642 1626 Male
665 1564 802 1644 legimus
825 1563 896 1627 viis.

413 1722 495 1785 Cum
517 1722 673 1786 transiero
695 1724 732 1785 in
753 1723 862 1786 medio
885 1725 943 1801 tui,

206 1831 241 1894 id
269 1836 331 1908 est,
363 1850 438 1893 cum
466 1829 627 1892 calcavere
656 1834 688 1892 et
716 1841 900 1911 percussero
928 1835 960 1894 te
982 1827 1019 1893 in'
1041 1828 1154 1897 furore

206 1940 279 1983 meo
303 1920 386 1984 sieut
407 1919 594 2000 Aegyptum
616 1918 769 2000 percussi.

368 2081 438 2142 Vae
460 2077 728 2159 desyderantibus
751 2077 840 2142 diem
862 2077 996 2147 domini,
1048 2051 1054 2057 i

297 2188 415 2251 Contra
436 2188 715 2267 contemptores††
737 2182 983 2265 praedicationis
1005 2189 1039 2247 et
1060 2203 1154 2266 prae·

208 2277 326 2340 fractos
348 2277 429 2338 haec
457 2272 548 2350 dicit,
578 2273 635 2354 qui
665 2272 828 2336 mendacii
856 2279 890 2336 et
918 2273 1075 2339 strrltitiae
1103 2292 1156 2337 ar-

207 2364 351 2444 guebant
373 2363 582 2445 prophetam,
613 2368 646 2424 et
675 2361 876 2425 insultabant
862 2362 951 2439 tei,
981 2367 1154 2442 negantes,

207 2451 286 2514 taiia
322 2449 432 2512 omnia
469 2456 623 2513 eventura
661 2469 730 2528 esse
768 2470 852 2531 quae
891 2449 1113 2533 praedicebat3
1105 2447 1157 2488 Α*

208 2539 249 2602 de
282 2538 402 2642 quibus
435 2544 468 2601 et
454 2538 533 2601 tt
561 2538 647 2600 Petri
676 2537 773 2618 3†i†:
808 2540 973 2605 Dicentes:
1008 2540 1068 2602 ubi
1100 2547 1159 2605 est

207 2627 378 2712 promissio
401 2633 458 2692 aut
481 2624 599 2691 advent
585 2632 638 2691 tus
661 2627 745 2704 eius,
769 2647 898 2709 exque
922 2629 1020 2693 etiam
1043 2634 1157 2711 patres

208 2717 409 2782 dormienmt
434 2715 545 2781 omnia
572 2716 618 2780 sic
645 2723 850 2797 perseverant
877 2718 918 2780 ab
946 2717 1040 2781 initio
1067 2737 1155 2781 crea·

208 2814 299 2871 turae
333 2812 393 2870 etc.
449 2806 501 2870 Ita
535 2824 664 2888 semper
696 2805 738 2867 ab
771 2805 866 2871 initio
899 2806 1031 2882 mundi,
1066 2807 1158 2870 sicut

208 2895 475 2978 promissionibus
503 2893 558 2956 dei
586 2914 654 2958 non
676 2893 881 2958 eredidenmt
901 2895 1011 2978 impii,
1042 2895 1089 2957 sie
1117 2902 1158 2958 et

208 2982 557 3062 comminationesiffi
579 2988 856 3065 contempserunt,
888 2983 991 3049 donec
1020 3002 1156 3066 prorsus

299 3157 324 3226 ι)
343 3157 451 3226 mapa
468 3173 496 3225 p.
515 3139 620 3210 axvi.
640 3156 735 3212 usos.
773 3157 814 3226 ··)
834 3158 890 3213 aa
908 3159 1014 3218 aarum
1032 3157 1155 3213 annue

209 3228 375 3282 hebraicam
393 3228 553 3284 veritatem.

301 3388 327 3452 l)
346 3389 442 3442 deest:
468 3390 612 3457 plangere.
650 3387 786 3442 Ponitur:
812 3393 864 3442 ete.
906 3386 935 3456 2)
954 3389 1051 3457 pigeat
1072 3388 1133 3443 vita

83 3507 87 3514 .
210 3475 287 3516 suae.
325 3457 354 3526 3)
374 3458 468 3514 deest:
487 3459 652 3526 germanica
669 3459 887 3526 argumentatio.

300 3601 328 3670 †)
342 3601 487 3656 Planctus.
515 3599 563 3668 ἢ)
576 3601 652 3654 Ian:
664 3601 701 3655 In
713 3605 924 3668 contemptores
936 3599 1025 3654 verbi.
1044 3600 1128 3656 Vuitt

212 3671 319 3727 Contra
332 3675 544 3740 contemptores
552 3671 634 3726 verbi
646 3671 701 3726 dei.
720 3671 787 3738 ἰι-ι)
800 3671 825 3724 2.
836 3671 914 3726 Petri
922 3669 948 3724 3.
967 3670 1053 3738 iffi)
1062 3673 1128 3740 Imp

210 3743 452 3807 promissionibus
471 3758 531 3798 non
549 3742 678 3809 credunt,
697 3742 935 3797 comminationes
953 3745 1132 3806 coutemnun
