2584 4267
234 300 298 362 526
636 299 759 365 Abdias
801 309 805 316 '

234 477 263 539 3.
287 478 388 558 Reg.†
413 475 471 540 17:
504 476 545 541 de
579 478 708 543 civitate
736 479 830 540 iuxta
852 464 1014 562 Sidonem,
1050 478 1177 562 inqua

154 586 156 588 ’
232 567 296 630 fuit
317 566 425 643 vidua,
449 586 532 648 quae
555 567 646 649 pavit
667 566 808 630 Heliam.

321 654 415 730 Quod
438 676 513 721 vero
535 656 716 736 Liranus††
744 656 853 719 neseio
883 674 964 737 quas
993 668 1097 738 nugas
1120 658 1176 720 hio

231 744 354 826 profert
375 751 408 807 et
430 745 500 808 vult
527 745 665 826 intelligi
687 739 891 820 liraneiam,1
925 744 1009 808 mihi
1039 747 1175 810 omnino
1279 810 1280 822 ,

231 853 297 896 non
334 832 462 896 videtur
498 835 684 911 convenire,
722 832 864 898 violenta
900 839 950 896 est
983 839 1016 896 et
1049 834 1176 898 detorta
1278 851 1280 915 ᾗ

232 922 346 1002 glossa,
370 941 453 1001 quae
476 943 518 984 ne
534 923 675 1004 speeiem
691 922 907 1003 quidem-veri
921 923 1030 986 habet.
1064 918 1169 986 Vide²
1279 938 1280 1013 ζ

232 1029 314 1090 quae
337 1010 462 1074 notavit
483 1007 586 1074 Lira*

321 1097 475 1163 Similiter
497 1106 604 1162 errant
630 1101 729 1164 etiam
759 1102 794 1163 in
824 1107 934 1164 nostra
962 1099 1174 1164 translatione
1278 1062 1280 1077 ⁴

231 1187 421 1269 interpretes
444 1189 480 1268 in
503 1189 667 1253 vocabulo:

613 1348 788 1430 Bosphoro.

196 1519 198 1522 ,
319 1453 604 1536 Hieronymus†††
626 1455 776 1537 producit
797 1455 1021 1518 testimonium
1043 1455 1106 1534 sui,
1124 1455 1175 1518 Iu·

231 1541 313 1619 daei,
345 1563 364 1604 a
391 1562 455 1622 quo
488 1545 635 1624 linguam
664 1544 838 1607 hebraeam
868 1542 994 1620 didicit,
1026 1543 1116 1624 quod
1138 1544 1175 1606 in
1273 1584 1280 1613 t

230 1631 433 1712 Bosphorum
456 1631 610 1696 Thraciae
638 1633 839 1695 transtulerit
861 1631 1092 1695 Constantinus
1115 1632 1181 1694 im··
1279 1631 1280 1702 ξ

231 1727 357 1801 perator
383 1720 529 1800 Iudaeos,
554 1728 651 1802 atque
666 1721 702 1783 in
717 1741 756 1783 eo
770 1720 841 1784 loeo
858 1727 1030 1801 expectent
1043 1740 1174 1784 rursum
1277 1710 1280 1761 ‘³

231 1803 283 1870 se⁸
309 1809 514 1874 instituturos
536 1830 688 1892 regnum3
714 1815 747 1872 et
768 1808 877 1872 neseio
900 1829 984 1890 quae
1003 1809 1067 1872 alia
1089 1829 1173 1872 oom-
1279 1813 1280 1894 l

230 1905 350 1974 menta,
374 1898 431 1961 sed
454 1899 555 1961 falsus
578 1904 627 1961 est
648 1898 753 1961 bonus
782 1899 831 1962 vir
852 1896 984 1960 ludaico
1006 1897 1174 1978 figmento.
1272 1897 1280 1964 ⁴⁶]

230 1985 295 2050 Nos
318 1987 450 2050 omnino
473 1986 620 2051 videmus
635 1987 726 2066 loqui
740 1987 934 2068 prophetam
948 1986 1067 2050 deillis
1082 1987 1172 2064 locis,
1279 2016 1280 2050 ι

231 2094 314 2156 quae
337 2077 469 2140 suntin
493 2082 576 2138 terra
603 2075 767 2152 Ohannan,
799 2075 856 2138 ubi
886 2095 1022 2156 regnum
1052 2074 1174 2139 Christi
1277 2068 1280 2135 ἶ

230 2164 374 2245 primum
408 2185 465 2247 per
499 2164 703 2244 evangelium
742 2164 857 2246 eoepit.
924 2163 1094 2227 Caeterum
1134 2165 1172 2228 in

230 2253 368 2316 hebraeo
384 2249 675 2335 estBisphorod‚'¹⁵¹‘
696 2253 811 2316 idest:
834 2252 877 2315 ad
899 2246 1056 2328 Phorod,⁴
1088 2272 1175 2333 quae
1278 2263 1279 2339 J

230 2361 286 2405 vos
309 2361 472 2421 nusquam
487 2342 566 2405 alibi
580 2341 720 2406 habetur
734 2342 769 2404 in
791 2341 911 2405 bibliis.
957 2340 1035 2403 Ideo
1058 2340 1173 2404 Iudaei
1273 2363 1279 2421 :3

230 2429 328 2492 etiam
352 2430 640 2493 comminiscuntur
663 2430 802 2510 quidvis,
825 2449 943 2512 nempe
967 2448 1036 2492 esse
1055 2430 1173 2512 Hispa·
1274 2455 1279 2511 t

229 2517 329 2595 niam,
353 2518 410 2581 sed
432 2518 467 2580 id
495 2519 629 2582 omnino
658 2538 726 2581 non
759 2519 924 2594 convenit,
955 2537 1062 2598 neque
1092 2525 1174 2606 puto

230 2607 372 2686 aliquem
393 2607 588 2670 Iudaeorum
601 2608 691 2671 scire
714 2607 794 2689 quid
817 2607 868 2670 sit.
915 2607 958 2670 llt
984 2613 1094 2670 noster
1121 2608 1170 2670 in-

118 2719 122 2722 *
229 2703 351 2776 terpres
374 2691 493 2760 falsus⁵
512 2696 668 2760 allusione
683 2696 834 2773 nominis,
859 2716 917 2778 pro
931 2690 1045 2770 &93⁶
1072 2696 1168 2759 inter·

229 2786 345 2865 pretati
379 2792 456 2847 sunt
488 2786 665 2867 bosphoro,
704 2785 738 2848 id
777 2784 864 2864 quod
898 2784 1073 2848 ridiculum
1111 2791 1171 2847 est.

317 2959 343 3027 ⁸¹)
362 2959 437 3013 Vide
455 2959 656 3014 adnotationes
674 2959 765 3012 Lirae.
802 2957 980 3036 “i-'‘W'·

316 3116 344 3184 1)
370 3116 509 3171 Additur:
538 3123 654 3172 secutus
676 3118 812 3173 Rabinos.
859 3118 887 3186 2)
915 3120 1011 3174 deest:
1038 3117 1116 3172 Vrde
1135 3127 1170 3157 ἑ

226 3186 300 3240 Lira.
337 3187 365 3255 3)
384 3187 480 3242 deest:
500 3204 539 3242 se.
575 3187 604 3256 4)
627 3191 706 3240 ἹἚῠ.
742 3190 779 3242 In
792 3190 899 3244 collect.
916 3189 1050 3243 lenensi:
1070 3188 1171 3256 Sipha-

226 3256 365 3324 radtffi3
384 3258 491 3312 Vuitt:
511 3258 666 3326 Sephorad.
704 3259 732 3327 ὅ)
755 3261 830 3314 falsi.
867 3260 895 3328 6)
914 3261 1014 3312 Ὦῦῠὶ,
1050 3260 1087 3312 In
1106 3260 1169 3313 coll
1274 3325 1276 3332 Α

225 3327 358 3382 lenensi:
384 3329 652 3399 Bispharadtttlt;
676 3331 781 3384 Vuitt.:
808 3331 963 3400 Sephorad.
1013 3329 1169 3398 ΌΤΒΟΒ.
1272 3334 1276 3387 l

225 3400 261 3522 gn
282 3400 497 3524 lpolldlenensi
531 3400 647 3468 legitur:
680 3400 970 3470 Besipharadffiffi
996 3401 1028 3454 in
1055 3400 1132 3455 Vuiu

246 3485 282 3538 ep
305 3487 382 3524 ara.

314 3632 343 3701 †)
362 3632 388 3686 3.
407 3633 518 3698 Regum
537 3633 580 3687 17.
615 3633 664 3700 ἢ)
683 3634 759 3689 len:
782 3633 881 3686 Lirani
899 3633 1020 3687 somnia
1057 3630 1124 3685 vuit

225 3701 356 3758 Liranus.
392 3702 458 3772 †††)
476 3705 536 3757 Ien.
556 3709 585 3758 at
597 3705 702 3759 voitu:
721 3703 923 3772 Hieronymus.
960 3701 1046 3772 iffi)
1064 3702 1131 3771 Siph

225 3772 285 3827 rad.
321 3773 423 3842 †l†††)
441 3774 612 3843 Bispharad.
649 3773 769 3853 itt-ilfi)
788 3774 976 3844 Besipharad.

1271 2514 1278 2653 l

1270 2890 1277 3121 l

1274 3404 1276 3445 l
