2584 4267
408 286 508 351 Joelis
531 288 715 369 prophetae.
970 290 1032 351 169

84 463 214 531 ¹talium
246 469 403 527 motuum
431 463 505 529 sint.
553 463 752 546 Respondeo.
803 464 875 528 Hoc
910 470 1032 527 certum

109 560 158 628 est,
181 550 389 632 quodetiam
411 553 507 617 bruta
528 554 714 633 intelligunt
734 572 808 617 suas
823 554 1030 617 calamitates.

110 642 182 703 Nam
210 640 277 716 siti,
314 642 415 718 fame,
451 642 555 723 plagis
589 641 776 706 afficiuntur
808 648 842 704 et
874 649 1033 707 testantur

110 730 238 799 dolorem
259 749 296 793 ac
319 730 499 811 periculum
522 730 653 795 eiulatu.
699 730 783 805 Quia
804 737 912 793 autem
936 732 1031 812 scrip-

111 826 173 889 tura
193 818 298 899 palam
327 820 521 899 pronunciat
549 820 687 883 clamare
717 820 816 882 etiam
845 820 964 883 bestias
990 820 1031 882 ad

112 906 204 982 deum,
220 906 431 977 manifestum
444 915 503 985 est,
520 909 581 972 etsi
596 908 667 972 sine
677 914 786 971 mente
801 914 834 971 et
848 907 901 970 dei
917 908 1033 972 notitia

112 995 168 1057 sint
180 996 280 1071 bruta,
300 1001 411 1059 tamen
426 1017 538 1061 eorum
553 999 690 1061 clamore
706 997 804 1061 deum
819 997 915 1060 affici.
962 998 1030 1060 Per-

82 1099 87 1108 ·
114 1084 184 1154 tinet
208 1084 306 1165 igitur
339 1086 419 1149 haec
449 1086 575 1167 phrasis
611 1086 654 1149 ari
684 1106 743 1149 nos
773 1085 959 1149 excitandos
989 1086 1031 1147 ad

113 1172 206 1235 fidem.
251 1173 335 1247 Quia
358 1175 447 1237 enim
470 1176 627 1257 scriptura
649 1180 784 1239 testatur
806 1173 905 1237 deum
934 1174 1031 1236 etiam

113 1262 234 1324 clamore
256 1262 434 1327 bestiarum
456 1263 587 1340 moveri,
611 1282 669 1330 cur
683 1266 895 1326 statueremus
909 1263 1030 1343 lachry-

112 1368 171 1420 mae
202 1356 233 1413 et
266 1352 406 1431 gemitus
444 1360 568 1416 nostros
606 1358 866 1434 aspematurum,
904 1352 1032 1431 quiet

112 1437 242 1501 videmus
264 1446 408 1503 mentem
431 1442 515 1518 cius,
547 1441 643 1504 etad
667 1440 842 1520 gratiarum
869 1441 1028 1504 actionem

111 1545 166 1588 non
179 1528 295 1591 erimus
311 1530 403 1606 muti,
424 1550 489 1609 qua
503 1529 664 1611 imprimis
679 1529 854 1601 delectatur
874 1536 1029 1609 tanquam

110 1616 489 1694 praestantissimolcultu.

290 1807 293 1813 v
391 1772 504 1859 Gaput
525 1768 732 1843 secundum.

206 1883 383 1964 Clangite
412 1885 508 1947 tuba
533 1885 573 1949 in
595 1885 688 1948 Zion
716 1889 754 1946 et
781 1882 908 1945 canite
936 1883 1027 1947 clas-

84 2016 87 2024 .
145 1972 257 2035 sicum
294 1973 335 2035 in
372 1978 673 2037 montesancto
711 1991 803 2034 meo.
863 1971 1029 2034 Paveant

144 2080 271 2125 omnes
293 2062 534 2125 habitatores
557 2067 697 2137 terrae,
722 2059 905 2141 quoniam
920 2060 1030 2122 venit

143 2149 218 2213 dies
249 2149 413 2227 domini,
450 2150 633 2231 quoniam
666 2158 786 2232 pr'ope
820 2155 886 2211 est.
938 2148 1028 2211 Dies

83 2293 87 2302 .
143 2239 349 2303 tenebrosa
378 2247 415 2303 et
444 2238 677 2320 caliginosa·
709 2238 792 2301 dies
827 2237 964 2301 nubila
992 2243 1029 2299 et

144 2328 317 2403 obscura,
364 2329 467 2393 sieut
511 2347 650 2392 aurora
695 2322 868 2408 expans'a
902 2342 1030 2405 'super

119 2421 286 2479 'montes
325 2418 501 2499 populus*
531 2418 679 2480 multus
717 2422 755 2478 et
792 2414 923 2489 fortis,
967 2414 1028 2477 oui

142 2505 279 2569 similis
303 2526 380 2569 non
402 2506 482 2569 fuit
504 2526 524 2568 a
546 2507 719 2581 saeculo,
744 2524 812 2567 nec
834 2509 922 2585 post
943 2522 1028 2565 eum

82 2645 87 2654 .
144 2594 213 2656 erit
242 2595 424 2657 omnibus
452 2592 630 2658 saeculis.
680 2597 897 2656 Antaeum
926 2591 1028 2671 ignis

121 2738 123 2747 ,
144 2681 309 2759 devorat,
327 2690 364 2747 et
378 2689 466 2765 post
482 2703 565 2747 eum
580 2684 737 2746 flamma
752 2681 889 2744 exurit.
914 2681 1029 2742 Terra

145 2778 223 2833 ante
247 2792 332 2834 eum
355 2777 430 2849 eet,'
452 2770 563 2852 quasi
581 2772 719 2834 hortus
734 2767 967 2849 voluptatis,
991 2773 1029 2830 et

121 2862 225 2937 'post
259 2879 346 2922 cum
380 2860 556 2924 solitudo
590 2863 754 2933 vastata,
790 2876 859 2919 nec
893 2855 1045 2919 evadet·

145 2964 222 3009 eum
269 2948 482 3029 quisquam.
550 2952 743 3031 Aspeotue
788 2945 874 3008 eius
927 2944 1029 3007 siout

146 3043 322 3117 aspectus
357 3057 552 3118 equorum.
611 3037 720 3101 Sicut
757 3034 912 3115 equites
947 3052 1027 3096 cur-

82 3191 86 3200 ,
146 3130 233 3201 rent3
267 3126 370 3204 sicut
396 3122 585 3208 strepitus
608 3124 885 3206 quadrigarum
907 3122 948 3185 in
971 3141 1026 3185 ca·

146 3212 357 3277 cuminibus
385 3216 582 3279 montium
611 3214 827 3290 saltabunt,
860 3218 898 3275 et
926 3212 1029 3276 sicut

146 3318 250 3366 sonus
285 3304 471 3367 flammae
505 3300 609 3384 ignis
644 3302 868 3367 devorantis
896 3302 1027 3382 stipu-

167 3396 225 3467 un,
257 3398 297 3455 et
325 3393 428 3457 sicut
458 3392 629 3473 populus
660 3390 774 3455 fortis
806 3390 1028 3453 instructus

175 3476 186 3537 1
217 3480 374 3544 bellum.
422 3480 566 3562 Populi
601 3500 642 3543 eo
677 3483 892 3560 conspectu
926 3478 1028 3541 sicut

175 3567 277 3632 'ulier
307 3570 347 3632 in
374 3574 487 3653 partu
516 3569 716 3632 dolebunt.
761 3567 944 3630 Omnium
974 3567 1026 3628 fa·
1059 3590 1065 3598 ·

172 3651 215 3717 ies
235 3659 424 3739 colligent
446 3658 701 3738 nigredinem.
747 3656 854 3721 Siout
876 3652 1027 3718 robusti

180 3752 310 3823 urent,
335 3754 372 3809 et
392 3746 499 3810 sicut
513 3746 592 3811 viri
612 3746 793 3810 bellicosi
815 3742 1028 3833 ascendent
