2584 4267
399 296 522 389 lohelis
543 325 729 409 prophetae.
969 326 1031 389 121

106 502 169 569 vult
187 501 221 565 in
242 518 361 565 manus
382 501 588 567 inimieorum
613 503 747 581 tradere,
775 501 945 569 videantur
966 522 1034 569 nou

108 593 201 656 solum
222 587 348 655 eaelum
370 598 403 654 et
424 598 524 669 terra,
548 592 606 655 sed
628 593 738 656 stellae
760 598 794 656 et
815 610 929 657 omnes
950 612 1032 657 orea-

107 688 186 744 turae
214 676 404 745 adversari*
448 678 501 744 811
530 686 562 744 et
589 680 625 745 in
658 682 742 745 libro
770 678 959 745 Judicuffl
991 683 1033 746 de

107 769 201 847 Sisara
222 768 403 848 1111111111ι
446 770 495 832 De
524 770 612 833 eoelo
638 766 829 834 dimicatum
851 777 901 835 ost
922 778 1034 836 eontra

104 878 167 943 pos,
196 857 306 922 stellae
334 864 504 922 manenoes
532 859 568 921 in
590 858 703 922 ordine
725 866 759 923 et
781 878 876 923 eursu
898 878 957 924 suo
979 860 1032 923 ad·

106 952 204 1011 versus
225 946 367 1010 Sisaram
389 955 615 1030 pugnaverunt
637 954 697 1012 eto.
739 946 791 1011 Sio
813 948 901 1011 enim
922 948 1033 1030 impiis

106 1034 220 1099 videtur
242 1034 338 1116 quod*
352 1036 504 1100 resistant
526 1036 572 1100 eis
601 1054 715 1102 omnes
743 1043 915 1101 ereaturae.
960 1038 1034 1101 Hoo

106 1130 149 1188 est
167 1143 241 1207 prae
264 1120 385 1189 nimio1
411 1125 496 1189 bello
525 1130 559 1189 et
584 1125 688 1191 nimia
715 1125 812 1189 caede
841 1132 938 1207 atque
961 1146 1032 1190 oon·

106 1213 239 1277 cursione
251 1213 374 1278 ¹fumus
396 1214 538 1278 exoritur
560 1233 601 1277 ne
624 1211 751 1278 eaelum
776 1213 910 1295 quidem
931 1213 1033 1279 videri

106 1303 205 1383 possit.
250 1302 290 1365 Id
320 1302 408 1383 quod
437 1309 470 1367 et
498 1308 619 1367 norunt
646 1304 687 1381 ii,
723 1301 780 1383 qui
809 1303 909 1366 semel
937 1323 1033 1385 grave

106 1390 177 1453 illud
197 1390 309 1455 martis
332 1410 414 1475 opus
437 1397 515 1455 suut
536 1392 674 1473 experti,
699 1390 787 1473 quod
809 1386 954 1457 videtur'
980 1391 1031 1469 iis,

107 1478 156 1558 qui
175 1480 356 1558 vincuntur,
379 1500 493 1544 omnes
515 1473 753 1545 erasmum&
781 1479 844 1544 sibi
861 1480 1032 1557 adversari,

107 1566 136 1629 id
155 1567 237 1647 quod
260 1569 339 1633 facit
361 1564 413 1632 et4
438 1570 535 1633 timor
563 1570 677 1634 mortis
703 1570 746 1633 ob
768 1570 878 1633 oeulos
899 1570 1032 1652 positae.

107 1650 177 1718 Sed⁵
201 1657 254 1721 hio
277 1678 298 1721 a
319 1658 475 1740 corporali
505 1664 610 1739 strage
639 1659 864 1741 metaphoram
893 1658 1033 1741 sumpsit

107 1745 250 1827 propheta
272 1746 314 1809 ad
337 1746 583 1828 significandam
605 1747 872 1829 magnetudinem
894 1754 927 1811 et
940 1747 1032 1810 vehe-

108 1833 250 1897 mentiam
271 1834 349 1898 belli
363 1832 548 1918 spiritualis,
573 1837 614 1899 ad
630 1836 719 1918 quod
739 1842 772 1900 et
785 1836 904 1898 Paulus
919 1834 1034 1898 alludit

109 1916 144 1983 ad
162 1921 343 1987 Rhomanos
363 1918 491 2001 H.⁸††:
508 1924 694 1996 ,Revelatur
722 1924 772 1988 ira
800 1922 853 1988 dei
882 1922 923 1986 de
945 1920 1033 1987 ooelo

109 2027 193 2092 super
213 2030 343 2076 omnem
365 2012 566 2097 impietatem
589 2020 622 2079 et
643 2009 837 2078 iniustitiam
851 2010 1032 2077 hominum.

267 2189 312 2253 Et
334 2186 485 2255 dominus
507 2191 549 2255 de
572 2191 660 2273 Syon
681 2186 859 2272 rugietffi
894 2263 899 2271 ,

184 2312 273 2377 Haeo
302 2320 352 2379 est
377 2316 534 2398 expositio
564 2316 712 2380 omnium
741 2334 825 2397 quae
854 2316 1034 2399 depugna

109 2393 156 2462 illa
174 2406 239 2465 tam
260 2404 431 2484 magnifiee
446 2405 621 2487 praemisit.
660 2405 725 2468 Hie
738 2405 837 2488 hujus
851 2405 930 2469 belli
944 2423 1035 2468 arma

109 2486 253 2568 describit,
282 2487 369 2569 sed!
396 2494 513 2573 inquit,
544 2493 627 2558 nihil
649 2493 734 2571 ferri,
764 2494 847 2557 nihil
870 2514 1034 2558 armorum

110 2574 251 2643 ullorum⁸
276 2580 313 2643 in
335 2582 398 2645 hoo
415 2582 504 2655 ‚bello
526 2584 600 2659 erit,
625 2582 682 2646 sed
705 2583 773 2646 solo
795 2582 893 2648 verbo
915 2583 1035 2657 efficiet

111 2663 245 2733 dominus
274 2670 360 2733 hano
389 2690 547 2753 pugnam,
583 2672 640 2752 qui
670 2677 753 2736 certe
781 2671 872 2736 loeus
901 2672 1033 2735 omnino

111 2772 166 2818 non
195 2764 302 2839 potest
334 2758 470 2841 intelligi
503 2761 545 2824 de
578 2766 711 2825 externa
743 2778 870 2843 pugna,
906 2759 963 2823 sed
992 2759 1034 2821 de
1093 2779 1094 2782 ¹

111 2842 252 2923 spirituali
281 2853 331 2911 est
359 2847 603 2930 intelligendum,
638 2870 670 2930 q.
694 2847 744 2913 d:
775 2849 862 2913 Telis
890 2848 951 2911 erit
978 2847 1033 2909 hio

110 2928 250 3013 impetus,
286 2936 375 3017 quod
408 2936 559 3003 dominus
593 2938 692 3003 misso
725 2936 841 3019 spiritu
875 2941 985 3001 saneto
1014 2953 1033 2997 e

110 3107 209 3233 mu
226 3112 305 3177 nota
342 3108 384 3179 rr)
402 3110 539 3167 Judioum
550 3112 586 3167 v.
623 3111 681 3179 ···)
698 3077 877 3181 inopum.
890 3108 1030 3165 xxxiv.

185 3355 212 3425 1)
230 3356 324 3413 deest:
343 3359 434 3414 nimio
452 3359 529 3416 bello
546 3364 583 3416 et.
620 3358 649 3429 2)
667 3360 810 3416 videntur.
836 3360 867 3431 3)
885 3364 1032 3416 creaturae

170 3426 248 3482 rsari.
296 3427 326 3497 4)
352 3430 448 3485 deest:
476 3435 513 3485 et.
562 3431 590 3499 t)
617 3432 663 3485 Sic
689 3431 738 3487 hio
763 3432 796 3485 in
822 3431 884 3487 loeo
910 3447 929 3486 a
955 3447 1030 3501 corp.

166 3501 226 3622 ἒξ..
236 3498 261 3553 1.
293 3499 321 3566 7)
340 3501 437 3556 deest:
456 3502 508 3557 sed
526 3501 635 3571 inquit:
653 3503 771 3569 legitur:
790 3520 818 3571 q.
830 3502 858 3557 (1.
889 3501 918 3571 8)
936 3502 1031 3557 deest:

166 3676 309 3689 *ι*-

186 3725 213 3795 †)
237 3728 339 3785 Sisara.
385 3728 433 3799 ††)
457 3730 538 3786 Rom.
565 3732 589 3786 1.
638 3731 705 3801 †l†)
731 3732 774 3788 De
801 3732 879 3799 quali
905 3729 975 3784 belli
1002 3733 1032 3785 et

163 3812 239 3853 orum
256 3814 360 3867 genere
378 3798 519 3869 loquatur.
617 3852 618 3857 ,
