<?xml version="1.0" encoding="UTF-8"?>
<!DOCTYPE html PUBLIC "-//W3C//DTD XHTML 1.0 Transitional//EN"
    "http://www.w3.org/TR/xhtml1/DTD/xhtml1-transitional.dtd">
<html xmlns="http://www.w3.org/1999/xhtml" xml:lang="en" lang="en">
 <head>
  <title>
</title>
<meta http-equiv="Content-Type" content="text/html;charset=utf-8" />
  <meta name='ocr-system' content='tesseract 3.04.00' />
  <meta name='ocr-capabilities' content='ocr_page ocr_carea ocr_par ocr_line ocrx_word'/>
</head>
<body>
  <div class='ocr_page' id='page_1' title='image "./exegeticaoperal12luthgoog_0278.png"; bbox 0 0 2584 4267; ppageno 0'>
   <div class='ocr_carea' id='block_1_1' title="bbox 37 0 171 4252">
    <p class='ocr_par' dir='ltr' id='par_1_1' title="bbox 37 0 171 4252">
     <span class='ocr_line' id='line_1_1' title="bbox 37 0 171 4252; baseline 0 0"><span class='ocrx_word' id='word_1_1' title='bbox 37 0 171 4252; x_wconf 95' lang='lat' dir='ltr'><strong> </strong></span> 
     </span>
    </p>
   </div>
   <div class='ocr_carea' id='block_1_2' title="bbox 897 326 2130 412">
    <p class='ocr_par' dir='ltr' id='par_1_2' title="bbox 897 326 2130 412">
     <span class='ocr_line' id='line_1_2' title="bbox 897 326 2130 412; baseline -0.005 -18"><span class='ocrx_word' id='word_1_2' title='bbox 897 329 939 394; x_wconf 86' lang='lat' dir='ltr'><strong>J</strong></span> <span class='ocrx_word' id='word_1_3' title='bbox 939 329 1094 394; x_wconf 85' lang='lat' dir='ltr'><strong>oelis</strong></span> <span class='ocrx_word' id='word_1_4' title='bbox 1138 331 1508 412; x_wconf 87' lang='lat' dir='ltr'><strong>prophetae.</strong></span> <span class='ocrx_word' id='word_1_5' title='bbox 2009 326 2130 390; x_wconf 70' lang='lat'><strong>267¹</strong></span> 
     </span>
    </p>
   </div>
   <div class='ocr_carea' id='block_1_3' title="bbox 245 505 2137 2542">
    <p class='ocr_par' dir='ltr' id='par_1_3' title="bbox 248 505 2137 1014">
     <span class='ocr_line' id='line_1_3' title="bbox 248 505 2137 591; baseline -0.003 -20"><span class='ocrx_word' id='word_1_6' title='bbox 248 525 423 591; x_wconf 87' lang='lat' dir='ltr'><strong>gens</strong></span> <span class='ocrx_word' id='word_1_7' title='bbox 491 507 579 570; x_wconf 89' lang='lat' dir='ltr'><strong>sit</strong></span> <span class='ocrx_word' id='word_1_8' title='bbox 643 524 810 587; x_wconf 82' lang='lat' dir='ltr'><strong>quae</strong></span> <span class='ocrx_word' id='word_1_9' title='bbox 878 526 1013 570; x_wconf 91' lang='lat' dir='ltr'><strong>non</strong></span> <span class='ocrx_word' id='word_1_10' title='bbox 1078 505 1455 588; x_wconf 78' lang='lat' dir='ltr'>religionem</span> <span class='ocrx_word' id='word_1_11' title='bbox 1522 506 1806 587; x_wconf 76' lang='lat' dir='ltr'><strong>aliquam</strong></span> <span class='ocrx_word' id='word_1_12' title='bbox 1821 553 1837 582; x_wconf 91' lang='lat'><strong><em>‚</em></strong></span> <span class='ocrx_word' id='word_1_13' title='bbox 1908 514 1973 566; x_wconf 78' lang='lat' dir='ltr'><strong>et</strong></span> <span class='ocrx_word' id='word_1_14' title='bbox 2033 506 2137 566; x_wconf 77' lang='lat' dir='ltr'><strong>dei</strong></span> 
     </span>
     <span class='ocr_line' id='line_1_4' title="bbox 249 591 2133 672; baseline -0.004 -12"><span class='ocrx_word' id='word_1_15' title='bbox 249 595 515 660; x_wconf 86' lang='lat' dir='ltr'><strong>cultum</strong></span> <span class='ocrx_word' id='word_1_16' title='bbox 558 595 770 672; x_wconf 84' lang='lat' dir='ltr'><strong>iactet,</strong></span> <span class='ocrx_word' id='word_1_17' title='bbox 826 600 1047 658; x_wconf 84' lang='lat' dir='ltr'><strong>tamen</strong></span> <span class='ocrx_word' id='word_1_18' title='bbox 1088 613 1241 661; x_wconf 80' lang='lat' dir='ltr'><strong>vera</strong></span> <span class='ocrx_word' id='word_1_19' title='bbox 1290 594 1452 659; x_wconf 90' lang='lat' dir='ltr'><strong>fides</strong></span> <span class='ocrx_word' id='word_1_20' title='bbox 1497 600 1564 659; x_wconf 86' lang='lat' dir='ltr'><strong>et</strong></span> <span class='ocrx_word' id='word_1_21' title='bbox 1614 591 1933 659; x_wconf 76' lang='lat' dir='ltr'><strong>invocatio</strong></span> <span class='ocrx_word' id='word_1_22' title='bbox 1993 614 2133 654; x_wconf 70' lang='lat' dir='ltr'><strong>nne</strong></span> 
     </span>
     <span class='ocr_line' id='line_1_5' title="bbox 250 683 2137 767; baseline -0.003 -19"><span class='ocrx_word' id='word_1_23' title='bbox 250 703 465 767; x_wconf 85' lang='lat' dir='ltr'><strong>quam</strong></span> <span class='ocrx_word' id='word_1_24' title='bbox 522 683 666 747; x_wconf 88' lang='lat' dir='ltr'><strong>nihi</strong></span> <span class='ocrx_word' id='word_1_25' title='bbox 718 684 792 748; x_wconf 91' lang='lat' dir='ltr'><strong>in</strong></span> <span class='ocrx_word' id='word_1_26' title='bbox 850 683 1117 748; x_wconf 82' lang='lat' dir='ltr'><strong>ecclesia</strong></span> <span class='ocrx_word' id='word_1_27' title='bbox 1170 689 1286 748; x_wconf 89' lang='lat' dir='ltr'><strong>est.</strong></span> <span class='ocrx_word' id='word_1_28' title='bbox 1393 684 1576 747; x_wconf 89' lang='lat' dir='ltr'><strong>Aliae</strong></span> <span class='ocrx_word' id='word_1_29' title='bbox 1632 687 1857 764; x_wconf 84' lang='lat' dir='ltr'><strong>gentes.</strong></span> <span class='ocrx_word' id='word_1_30' title='bbox 1913 702 2137 746; x_wconf 72' lang='lat' dir='ltr'><strong>eninee</strong></span> 
     </span>
     <span class='ocr_line' id='line_1_6' title="bbox 249 770 2134 854; baseline -0.005 -16"><span class='ocrx_word' id='word_1_31' title='bbox 249 778 420 838; x_wconf 84' lang='lat' dir='ltr'><strong>sunt</strong></span> <span class='ocrx_word' id='word_1_32' title='bbox 463 772 604 836; x_wconf 88' lang='lat' dir='ltr'><strong>sine</strong></span> <span class='ocrx_word' id='word_1_33' title='bbox 634 772 784 850; x_wconf 88' lang='lat' dir='ltr'><strong>fide,</strong></span> <span class='ocrx_word' id='word_1_34' title='bbox 831 790 907 836; x_wconf 77' lang='lat' dir='ltr'><strong>ac</strong></span> <span class='ocrx_word' id='word_1_35' title='bbox 936 772 1164 838; x_wconf 88' lang='lat' dir='ltr'><strong>vivunt</strong></span> <span class='ocrx_word' id='word_1_36' title='bbox 1197 773 1270 836; x_wconf 91' lang='lat' dir='ltr'><strong>in</strong></span> <span class='ocrx_word' id='word_1_37' title='bbox 1299 770 1616 849; x_wconf 80' lang='lat' dir='ltr'><strong>idolatria,</strong></span> <span class='ocrx_word' id='word_1_38' title='bbox 1663 770 2134 854; x_wconf 66' lang='lat' dir='ltr'><strong>invocationem</strong></span> 
     </span>
     <span class='ocr_line' id='line_1_7' title="bbox 248 860 2137 945; baseline -0.004 -19"><span class='ocrx_word' id='word_1_39' title='bbox 248 867 485 926; x_wconf 85' lang='lat' dir='ltr'><strong>autem</strong></span> <span class='ocrx_word' id='word_1_40' title='bbox 571 880 834 945; x_wconf 88' lang='lat' dir='ltr'><strong>prorsus</strong></span> <span class='ocrx_word' id='word_1_41' title='bbox 917 860 1251 942; x_wconf 85' lang='lat' dir='ltr'><strong>ignorant,</strong></span> <span class='ocrx_word' id='word_1_42' title='bbox 1342 861 1511 926; x_wconf 90' lang='lat' dir='ltr'><strong>sicut</strong></span> <span class='ocrx_word' id='word_1_43' title='bbox 1596 878 1791 942; x_wconf 87' lang='lat' dir='ltr'><strong>supra</strong></span> <span class='ocrx_word' id='word_1_44' title='bbox 1879 878 2137 942; x_wconf 72' lang='lat' dir='ltr'><strong>queque</strong></span> 
     </span>
     <span class='ocr_line' id='line_1_8' title="bbox 250 949 571 1014; baseline -0.007 1"><span class='ocrx_word' id='word_1_45' title='bbox 250 949 571 1014; x_wconf 79' lang='lat' dir='ltr'><strong>diximus,</strong></span> 
     </span>
    </p>

    <p class='ocr_par' dir='ltr' id='par_1_4' title="bbox 245 1037 2137 2542">
     <span class='ocr_line' id='line_1_9' title="bbox 438 1037 2137 1122; baseline -0.002 -21"><span class='ocrx_word' id='word_1_46' title='bbox 438 1039 624 1102; x_wconf 87' lang='lat' dir='ltr'><strong>Haec</strong></span> <span class='ocrx_word' id='word_1_47' title='bbox 666 1037 751 1103; x_wconf 87' lang='lat' dir='ltr'><strong>de</strong></span> <span class='ocrx_word' id='word_1_48' title='bbox 794 1038 1147 1122; x_wconf 83' lang='lat' dir='ltr'><strong>prophetae</strong></span> <span class='ocrx_word' id='word_1_49' title='bbox 1192 1037 1516 1103; x_wconf 88' lang='lat' dir='ltr'><strong>sententia</strong></span> <span class='ocrx_word' id='word_1_50' title='bbox 1543 1043 1716 1101; x_wconf 87' lang='lat' dir='ltr'><strong>certa</strong></span> <span class='ocrx_word' id='word_1_51' title='bbox 1744 1042 1913 1100; x_wconf 86' lang='lat' dir='ltr'><strong>sunt.</strong></span> <span class='ocrx_word' id='word_1_52' title='bbox 1997 1038 2137 1098; x_wconf 68' lang='lat' dir='ltr'><strong>Neu</strong></span> 
     </span>
     <span class='ocr_line' id='line_1_10' title="bbox 247 1125 2137 1208; baseline -0.004 -18"><span class='ocrx_word' id='word_1_53' title='bbox 247 1133 482 1190; x_wconf 72' lang='lat' dir='ltr'><strong>autem</strong></span> <span class='ocrx_word' id='word_1_54' title='bbox 528 1128 995 1208; x_wconf 84' lang='lat' dir='ltr'><strong>praetereunda</strong></span> <span class='ocrx_word' id='word_1_55' title='bbox 1038 1127 1148 1191; x_wconf 86' lang='lat' dir='ltr'><strong>hic</strong></span> <span class='ocrx_word' id='word_1_56' title='bbox 1200 1127 1410 1191; x_wconf 88' lang='lat' dir='ltr'><strong>obiter</strong></span> <span class='ocrx_word' id='word_1_57' title='bbox 1467 1125 1818 1190; x_wconf 84' lang='lat' dir='ltr'><strong>consolatio</strong></span> <span class='ocrx_word' id='word_1_58' title='bbox 1863 1130 1977 1198; x_wconf 82' lang='lat' dir='ltr'><strong>eet</strong></span> <span class='ocrx_word' id='word_1_59' title='bbox 2037 1126 2137 1186; x_wconf 75' lang='lat' dir='ltr'><strong>hie</strong></span> 
     </span>
     <span class='ocr_line' id='line_1_11' title="bbox 246 1210 2137 1298; baseline -0.002 -20"><span class='ocrx_word' id='word_1_60' title='bbox 246 1216 642 1298; x_wconf 70' lang='lat' dir='ltr'><strong>praesertim</strong></span> <span class='ocrx_word' id='word_1_61' title='bbox 670 1217 1071 1298; x_wconf 77' lang='lat' dir='ltr'><strong>temporibus</strong></span> <span class='ocrx_word' id='word_1_62' title='bbox 1115 1216 1402 1279; x_wconf 84' lang='lat' dir='ltr'><strong>maxime</strong></span> <span class='ocrx_word' id='word_1_63' title='bbox 1447 1213 1821 1279; x_wconf 82' lang='lat' dir='ltr'><strong>necessaria.</strong></span> <span class='ocrx_word' id='word_1_64' title='bbox 1923 1210 2137 1274; x_wconf 59' lang='grc'>11111111</span> 
     </span>
     <span class='ocr_line' id='line_1_12' title="bbox 245 1302 2135 1384; baseline -0.004 -17"><span class='ocrx_word' id='word_1_65' title='bbox 245 1303 537 1368; x_wconf 87' lang='lat' dir='ltr'><strong>Iudaeos</strong></span> <span class='ocrx_word' id='word_1_66' title='bbox 592 1303 889 1368; x_wconf 83' lang='lat' dir='ltr'><strong>venditos</strong></span> <span class='ocrx_word' id='word_1_67' title='bbox 944 1304 1203 1369; x_wconf 78' lang='lat' dir='ltr'><strong>Graecis</strong></span> <span class='ocrx_word' id='word_1_68' title='bbox 1256 1305 1329 1368; x_wconf 91' lang='lat' dir='ltr'><strong>in</strong></span> <span class='ocrx_word' id='word_1_69' title='bbox 1389 1302 1813 1384; x_wconf 87' lang='lat' dir='ltr'><strong>longinquam</strong></span> <span class='ocrx_word' id='word_1_70' title='bbox 1879 1307 2135 1374; x_wconf 38' lang='lat' dir='ltr'><strong>terrem*</strong></span> 
     </span>
     <span class='ocr_line' id='line_1_13' title="bbox 247 1388 2137 1475; baseline -0.004 -19"><span class='ocrx_word' id='word_1_71' title='bbox 247 1398 331 1458; x_wconf 81' lang='lat' dir='ltr'><strong>ut</strong></span> <span class='ocrx_word' id='word_1_72' title='bbox 388 1393 608 1456; x_wconf 77' lang='lat' dir='ltr'><strong>omnis</strong></span> <span class='ocrx_word' id='word_1_73' title='bbox 679 1413 853 1475; x_wconf 77' lang='lat' dir='ltr'><strong>spes</strong></span> <span class='ocrx_word' id='word_1_74' title='bbox 897 1393 1141 1457; x_wconf 86' lang='lat' dir='ltr'><strong>reditus</strong></span> <span class='ocrx_word' id='word_1_75' title='bbox 1214 1392 1704 1475; x_wconf 79' lang='lat' dir='ltr'><strong>praecideretur.</strong></span> <span class='ocrx_word' id='word_1_76' title='bbox 1820 1388 1888 1453; x_wconf 86' lang='lat' dir='ltr'><strong>Si</strong></span> <span class='ocrx_word' id='word_1_77' title='bbox 1945 1390 2137 1466; x_wconf 74' lang='lat' dir='ltr'><strong>igitur</strong></span> 
     </span>
     <span class='ocr_line' id='line_1_14' title="bbox 247 1478 2133 1562; baseline -0.004 -17"><span class='ocrx_word' id='word_1_78' title='bbox 247 1481 519 1545; x_wconf 89' lang='lat' dir='ltr'><strong>illorum</strong></span> <span class='ocrx_word' id='word_1_79' title='bbox 548 1480 820 1558; x_wconf 87' lang='lat' dir='ltr'><strong>animos,</strong></span> <span class='ocrx_word' id='word_1_80' title='bbox 870 1482 985 1562; x_wconf 88' lang='lat' dir='ltr'><strong>qui</strong></span> <span class='ocrx_word' id='word_1_81' title='bbox 1017 1481 1266 1546; x_wconf 86' lang='lat' dir='ltr'><strong>venditi</strong></span> <span class='ocrx_word' id='word_1_82' title='bbox 1298 1481 1557 1546; x_wconf 85' lang='lat' dir='ltr'><strong>Graecis</strong></span> <span class='ocrx_word' id='word_1_83' title='bbox 1588 1486 1760 1557; x_wconf 89' lang='lat' dir='ltr'><strong>sunt,</strong></span> <span class='ocrx_word' id='word_1_84' title='bbox 1806 1478 2133 1550; x_wconf 62' lang='lat' dir='ltr'><strong>intuearis,</strong></span> 
     </span>
     <span class='ocr_line' id='line_1_15' title="bbox 248 1566 2133 1653; baseline -0.004 -20"><span class='ocrx_word' id='word_1_85' title='bbox 248 1569 744 1653; x_wconf 79' lang='lat' dir='ltr'><strong>depraehendes</strong></span> <span class='ocrx_word' id='word_1_86' title='bbox 799 1590 935 1634; x_wconf 87' lang='lat' dir='ltr'><strong>non</strong></span> <span class='ocrx_word' id='word_1_87' title='bbox 990 1569 1202 1634; x_wconf 88' lang='lat' dir='ltr'><strong>solum</strong></span> <span class='ocrx_word' id='word_1_88' title='bbox 1247 1571 1653 1652; x_wconf 89' lang='lat' dir='ltr'><strong>perturbatos</strong></span> <span class='ocrx_word' id='word_1_89' title='bbox 1695 1573 1878 1633; x_wconf 87' lang='lat' dir='ltr'><strong>metu</strong></span> <span class='ocrx_word' id='word_1_90' title='bbox 1921 1574 1985 1630; x_wconf 86' lang='lat' dir='ltr'><strong>et</strong></span> <span class='ocrx_word' id='word_1_91' title='bbox 2033 1566 2133 1626; x_wconf 79' lang='lat' dir='ltr'><strong>de-</strong></span> 
     </span>
     <span class='ocr_line' id='line_1_16' title="bbox 248 1657 2137 1742; baseline -0.004 -20"><span class='ocrx_word' id='word_1_92' title='bbox 248 1659 391 1722; x_wconf 84' lang='lat' dir='ltr'><strong>lore</strong></span> <span class='ocrx_word' id='word_1_93' title='bbox 412 1706 428 1735; x_wconf 88' lang='lat'><strong>,</strong></span> <span class='ocrx_word' id='word_1_94' title='bbox 494 1657 609 1722; x_wconf 87' lang='lat' dir='ltr'><strong>sed</strong></span> <span class='ocrx_word' id='word_1_95' title='bbox 654 1659 851 1723; x_wconf 88' lang='lat' dir='ltr'><strong>etiam</strong></span> <span class='ocrx_word' id='word_1_96' title='bbox 895 1660 1156 1742; x_wconf 88' lang='lat' dir='ltr'><strong>penitus</strong></span> <span class='ocrx_word' id='word_1_97' title='bbox 1201 1659 1283 1722; x_wconf 92' lang='lat' dir='ltr'><strong>de</strong></span> <span class='ocrx_word' id='word_1_98' title='bbox 1329 1678 1398 1723; x_wconf 90' lang='lat' dir='ltr'><strong>se</strong></span> <span class='ocrx_word' id='word_1_99' title='bbox 1468 1665 1534 1722; x_wconf 92' lang='lat' dir='ltr'><strong>et</strong></span> <span class='ocrx_word' id='word_1_100' title='bbox 1585 1657 1957 1740; x_wconf 73' lang='lat' dir='ltr'><strong>posteritate</strong></span> <span class='ocrx_word' id='word_1_101' title='bbox 2025 1674 2137 1718; x_wconf 79' lang='grc'>31111.</span> 
     </span>
     <span class='ocr_line' id='line_1_17' title="bbox 250 1745 2133 1829; baseline -0.004 -19"><span class='ocrx_word' id='word_1_102' title='bbox 250 1747 696 1829; x_wconf 76' lang='lat' dir='ltr'><strong>desperantes.</strong></span> <span class='ocrx_word' id='word_1_103' title='bbox 790 1747 963 1822; x_wconf 79' lang='lat' dir='ltr'><strong>Quid</strong></span> <span class='ocrx_word' id='word_1_104' title='bbox 1009 1748 1185 1812; x_wconf 90' lang='lat' dir='ltr'><strong>enim</strong></span> <span class='ocrx_word' id='word_1_105' title='bbox 1230 1748 1400 1813; x_wconf 84' lang='lat' dir='ltr'><strong>inter</strong></span> <span class='ocrx_word' id='word_1_106' title='bbox 1444 1745 1667 1828; x_wconf 87' lang='lat' dir='ltr'><strong>gentes</strong></span> <span class='ocrx_word' id='word_1_107' title='bbox 1710 1752 1849 1809; x_wconf 88' lang='lat' dir='ltr'><strong>tam</strong></span> <span class='ocrx_word' id='word_1_108' title='bbox 1890 1745 2133 1822; x_wconf 65' lang='lat' dir='ltr'><strong>lengiff</strong></span> 
     </span>
     <span class='ocr_line' id='line_1_18' title="bbox 252 1830 2137 1917; baseline -0.004 -18"><span class='ocrx_word' id='word_1_109' title='bbox 252 1855 425 1917; x_wconf 85' lang='lat' dir='ltr'><strong>quas</strong></span> <span class='ocrx_word' id='word_1_110' title='bbox 494 1841 827 1917; x_wconf 83' lang='lat' dir='ltr'><strong>sperarent</strong></span> <span class='ocrx_word' id='word_1_111' title='bbox 842 1838 876 1899; x_wconf 69' lang='lat'><strong>5&gt;</strong></span> <span class='ocrx_word' id='word_1_112' title='bbox 950 1836 1067 1900; x_wconf 86' lang='lat' dir='ltr'><strong>ubi</strong></span> <span class='ocrx_word' id='word_1_113' title='bbox 1134 1837 1348 1901; x_wconf 88' lang='lat' dir='ltr'><strong>cultus</strong></span> <span class='ocrx_word' id='word_1_114' title='bbox 1415 1835 1665 1910; x_wconf 89' lang='lat' dir='ltr'><strong>nullus,</strong></span> <span class='ocrx_word' id='word_1_115' title='bbox 1734 1832 1965 1897; x_wconf 76' lang='lat' dir='ltr'><strong>notitia</strong></span> <span class='ocrx_word' id='word_1_116' title='bbox 2033 1830 2137 1894; x_wconf 83' lang='lat' dir='ltr'><strong>dei</strong></span> 
     </span>
     <span class='ocr_line' id='line_1_19' title="bbox 253 1922 2133 2001; baseline -0.005 -13"><span class='ocrx_word' id='word_1_117' title='bbox 253 1924 460 2001; x_wconf 74' lang='lat' dir='ltr'><strong>milla,</strong></span> <span class='ocrx_word' id='word_1_118' title='bbox 510 1925 781 1988; x_wconf 87' lang='lat' dir='ltr'><strong>verbum</strong></span> <span class='ocrx_word' id='word_1_119' title='bbox 825 1924 933 1988; x_wconf 90' lang='lat' dir='ltr'><strong>dei</strong></span> <span class='ocrx_word' id='word_1_120' title='bbox 977 1926 1230 1989; x_wconf 86' lang='lat' dir='ltr'><strong>nullum</strong></span> <span class='ocrx_word' id='word_1_121' title='bbox 1277 1929 1392 1988; x_wconf 91' lang='lat' dir='ltr'><strong>est.</strong></span> <span class='ocrx_word' id='word_1_122' title='bbox 1486 1924 1587 1986; x_wconf 88' lang='lat' dir='ltr'><strong>Tu</strong></span> <span class='ocrx_word' id='word_1_123' title='bbox 1646 1922 1728 1985; x_wconf 92' lang='lat' dir='ltr'><strong>de</strong></span> <span class='ocrx_word' id='word_1_124' title='bbox 1783 1927 1848 1986; x_wconf 87' lang='lat' dir='ltr'><strong>te</strong></span> <span class='ocrx_word' id='word_1_125' title='bbox 1907 1922 2133 1998; x_wconf 52' lang='lat' dir='ltr'><strong>tingite</strong></span> 
     </span>
     <span class='ocr_line' id='line_1_20' title="bbox 254 2011 2137 2096; baseline -0.003 -21"><span class='ocrx_word' id='word_1_126' title='bbox 254 2013 316 2076; x_wconf 89' lang='lat' dir='ltr'><strong>si</strong></span> <span class='ocrx_word' id='word_1_127' title='bbox 368 2012 569 2076; x_wconf 89' lang='lat' dir='ltr'><strong>hodie</strong></span> <span class='ocrx_word' id='word_1_128' title='bbox 622 2029 773 2077; x_wconf 89' lang='lat' dir='ltr'><strong>cum</strong></span> <span class='ocrx_word' id='word_1_129' title='bbox 818 2013 949 2077; x_wconf 85' lang='lat' dir='ltr'><strong>tuis</strong></span> <span class='ocrx_word' id='word_1_130' title='bbox 994 2012 1373 2096; x_wconf 88' lang='lat' dir='ltr'><strong>abripereris</strong></span> <span class='ocrx_word' id='word_1_131' title='bbox 1427 2012 1500 2075; x_wconf 89' lang='lat' dir='ltr'><strong>in</strong></span> <span class='ocrx_word' id='word_1_132' title='bbox 1554 2011 1883 2087; x_wconf 88' lang='lat' dir='ltr'><strong>Turciam,</strong></span> <span class='ocrx_word' id='word_1_133' title='bbox 1941 2030 2045 2090; x_wconf 68' lang='lat' dir='ltr'><strong>qu·</strong></span> <span class='ocrx_word' id='word_1_134' title='bbox 2033 2030 2137 2070; x_wconf 83' lang='grc'>1111</span> 
     </span>
     <span class='ocr_line' id='line_1_21' title="bbox 254 2098 2137 2184; baseline -0.004 -19"><span class='ocrx_word' id='word_1_135' title='bbox 254 2103 433 2165; x_wconf 86' lang='lat' dir='ltr'><strong>esses</strong></span> <span class='ocrx_word' id='word_1_136' title='bbox 478 2100 819 2165; x_wconf 87' lang='lat' dir='ltr'><strong>habiturus</strong></span> <span class='ocrx_word' id='word_1_137' title='bbox 864 2121 1048 2184; x_wconf 89' lang='lat' dir='ltr'><strong>spem</strong></span> <span class='ocrx_word' id='word_1_138' title='bbox 1093 2102 1176 2166; x_wconf 89' lang='lat' dir='ltr'><strong>de</strong></span> <span class='ocrx_word' id='word_1_139' title='bbox 1220 2108 1285 2166; x_wconf 91' lang='lat' dir='ltr'><strong>te</strong></span> <span class='ocrx_word' id='word_1_140' title='bbox 1332 2109 1396 2165; x_wconf 91' lang='lat' dir='ltr'><strong>et</strong></span> <span class='ocrx_word' id='word_1_141' title='bbox 1440 2099 1712 2183; x_wconf 84' lang='lat' dir='ltr'><strong>posteris</strong></span> <span class='ocrx_word' id='word_1_142' title='bbox 1756 2099 1929 2162; x_wconf 65' lang='lat' dir='ltr'><strong>tuis?</strong></span> <span class='ocrx_word' id='word_1_143' title='bbox 2013 2098 2137 2158; x_wconf 59' lang='lat' dir='ltr'><strong>*bed</strong></span> 
     </span>
     <span class='ocr_line' id='line_1_22' title="bbox 255 2186 2133 2273; baseline -0.004 -20"><span class='ocrx_word' id='word_1_144' title='bbox 255 2209 396 2254; x_wconf 90' lang='lat' dir='ltr'><strong>non</strong></span> <span class='ocrx_word' id='word_1_145' title='bbox 441 2197 597 2253; x_wconf 89' lang='lat' dir='ltr'><strong>sunt</strong></span> <span class='ocrx_word' id='word_1_146' title='bbox 640 2191 800 2253; x_wconf 88' lang='lat' dir='ltr'><strong>haec</strong></span> <span class='ocrx_word' id='word_1_147' title='bbox 844 2191 1130 2273; x_wconf 85' lang='lat' dir='ltr'><strong>pericula</strong></span> <span class='ocrx_word' id='word_1_148' title='bbox 1156 2189 1488 2254; x_wconf 87' lang='lat' dir='ltr'><strong>metienda</strong></span> <span class='ocrx_word' id='word_1_149' title='bbox 1517 2207 1598 2251; x_wconf 87' lang='lat' dir='ltr'><strong>ex</strong></span> <span class='ocrx_word' id='word_1_150' title='bbox 1628 2193 1847 2251; x_wconf 88' lang='lat' dir='ltr'><strong>nostro</strong></span> <span class='ocrx_word' id='word_1_151' title='bbox 1877 2186 2069 2250; x_wconf 61' lang='lat' dir='ltr'><strong>indis</strong></span> <span class='ocrx_word' id='word_1_152' title='bbox 2041 2207 2133 2258; x_wconf 67' lang='lat' dir='ltr'><strong>qe</strong></span> 
     </span>
     <span class='ocr_line' id='line_1_23' title="bbox 256 2275 2133 2361; baseline -0.004 -20"><span class='ocrx_word' id='word_1_153' title='bbox 256 2278 365 2342; x_wconf 91' lang='lat' dir='ltr'><strong>dei</strong></span> <span class='ocrx_word' id='word_1_154' title='bbox 411 2279 709 2361; x_wconf 87' lang='lat' dir='ltr'><strong>potentia</strong></span> <span class='ocrx_word' id='word_1_155' title='bbox 750 2279 1153 2360; x_wconf 88' lang='lat' dir='ltr'><strong>respicienda</strong></span> <span class='ocrx_word' id='word_1_156' title='bbox 1195 2284 1320 2356; x_wconf 86' lang='lat' dir='ltr'><strong>est,</strong></span> <span class='ocrx_word' id='word_1_157' title='bbox 1384 2283 1451 2342; x_wconf 86' lang='lat' dir='ltr'><strong>et</strong></span> <span class='ocrx_word' id='word_1_158' title='bbox 1507 2275 1965 2361; x_wconf 71' lang='lat' dir='ltr'><strong>promissiones</strong></span> <span class='ocrx_word' id='word_1_159' title='bbox 2009 2278 2133 2350; x_wconf 76' lang='lat' dir='ltr'><strong>[lei</strong></span> 
     </span>
     <span class='ocr_line' id='line_1_24' title="bbox 258 2364 2133 2448; baseline -0.002 -18"><span class='ocrx_word' id='word_1_160' title='bbox 258 2385 430 2448; x_wconf 88' lang='lat' dir='ltr'><strong>quae</strong></span> <span class='ocrx_word' id='word_1_161' title='bbox 500 2367 623 2430; x_wconf 86' lang='lat' dir='ltr'><strong>etsi</strong></span> <span class='ocrx_word' id='word_1_162' title='bbox 691 2366 957 2430; x_wconf 86' lang='lat' dir='ltr'><strong>ecclesia</strong></span> <span class='ocrx_word' id='word_1_163' title='bbox 1023 2369 1118 2430; x_wconf 92' lang='lat' dir='ltr'><strong>in</strong></span> <span class='ocrx_word' id='word_1_164' title='bbox 1160 2369 1285 2431; x_wconf 87' lang='lat' dir='ltr'><strong>hae</strong></span> <span class='ocrx_word' id='word_1_165' title='bbox 1352 2367 1488 2431; x_wconf 84' lang='lat' dir='ltr'><strong>vita</strong></span> <span class='ocrx_word' id='word_1_166' title='bbox 1563 2365 1736 2430; x_wconf 89' lang='lat' dir='ltr'><strong>varie</strong></span> <span class='ocrx_word' id='word_1_167' title='bbox 1805 2364 2133 2442; x_wconf 72' lang='lat' dir='ltr'><strong>affligitur,</strong></span> 
     </span>
     <span class='ocr_line' id='line_1_25' title="bbox 257 2454 2137 2542; baseline -0.003 -24"><span class='ocrx_word' id='word_1_168' title='bbox 257 2462 485 2520; x_wconf 79' lang='lat' dir='ltr'><strong>tamen</strong></span> <span class='ocrx_word' id='word_1_169' title='bbox 532 2474 717 2538; x_wconf 90' lang='lat' dir='ltr'><strong>spem</strong></span> <span class='ocrx_word' id='word_1_170' title='bbox 762 2456 1012 2520; x_wconf 86' lang='lat' dir='ltr'><strong>faciunt</strong></span> <span class='ocrx_word' id='word_1_171' title='bbox 1026 2506 1040 2533; x_wconf 95' lang='lat'>,</span> <span class='ocrx_word' id='word_1_172' title='bbox 1095 2476 1249 2542; x_wconf 19' lang='lat' dir='ltr'><strong>*eam</strong></span> <span class='ocrx_word' id='word_1_173' title='bbox 1292 2454 1840 2537; x_wconf 84' lang='lat' dir='ltr'><strong>triumphaturam</strong></span> <span class='ocrx_word' id='word_1_174' title='bbox 1859 2503 1873 2530; x_wconf 95' lang='lat'>,</span> <span class='ocrx_word' id='word_1_175' title='bbox 1921 2454 2037 2514; x_wconf 83' lang='lat' dir='ltr'><strong>hee</strong></span> <span class='ocrx_word' id='word_1_176' title='bbox 2045 2462 2137 2514; x_wconf 75' lang='lat' dir='ltr'><strong>tee</strong></span> 
     </span>
    </p>
   </div>
   <div class='ocr_carea' id='block_1_4' title="bbox 125 2542 2137 2627">
    <p class='ocr_par' dir='ltr' id='par_1_5' title="bbox 125 2542 2137 2627">
     <span class='ocr_line' id='line_1_26' title="bbox 125 2542 2137 2627; baseline -0.003 -18"><span class='ocrx_word' id='word_1_177' title='bbox 125 2615 134 2623; x_wconf 61' lang='lat'>‚</span> <span class='ocrx_word' id='word_1_178' title='bbox 260 2546 485 2622; x_wconf 79' lang='lat' dir='ltr'><strong>autem</strong></span> <span class='ocrx_word' id='word_1_179' title='bbox 540 2543 701 2618; x_wconf 26' lang='lat' dir='ltr'><strong>eius*</strong></span> <span class='ocrx_word' id='word_1_180' title='bbox 734 2544 995 2626; x_wconf 86' lang='lat' dir='ltr'><strong>penitus</strong></span> <span class='ocrx_word' id='word_1_181' title='bbox 1048 2545 1390 2627; x_wconf 84' lang='lat' dir='ltr'><strong>perituros.</strong></span> <span class='ocrx_word' id='word_1_182' title='bbox 1483 2543 1588 2606; x_wconf 85' lang='lat' dir='ltr'><strong>Sic</strong></span> <span class='ocrx_word' id='word_1_183' title='bbox 1647 2543 1832 2605; x_wconf 88' lang='lat' dir='ltr'><strong>audis</strong></span> <span class='ocrx_word' id='word_1_184' title='bbox 1885 2542 2009 2606; x_wconf 82' lang='lat' dir='ltr'><strong>hee</strong></span> <span class='ocrx_word' id='word_1_185' title='bbox 2069 2542 2137 2602; x_wconf 76' lang='grc'><strong>111</strong></span> 
     </span>
    </p>
   </div>
   <div class='ocr_carea' id='block_1_5' title="bbox 258 2631 2137 3600">
    <p class='ocr_par' dir='ltr' id='par_1_6' title="bbox 258 2631 2137 3600">
     <span class='ocr_line' id='line_1_27' title="bbox 258 2631 2137 2714; baseline -0.003 -20"><span class='ocrx_word' id='word_1_186' title='bbox 258 2633 402 2698; x_wconf 84' lang='grc'>1000</span> <span class='ocrx_word' id='word_1_187' title='bbox 446 2633 617 2696; x_wconf 88' lang='lat' dir='ltr'><strong>filios</strong></span> <span class='ocrx_word' id='word_1_188' title='bbox 661 2633 826 2697; x_wconf 88' lang='lat' dir='ltr'><strong>Iuda</strong></span> <span class='ocrx_word' id='word_1_189' title='bbox 869 2633 1165 2697; x_wconf 87' lang='lat' dir='ltr'><strong>venditos</strong></span> <span class='ocrx_word' id='word_1_190' title='bbox 1210 2633 1532 2714; x_wconf 86' lang='lat' dir='ltr'><strong>gentibus,</strong></span> <span class='ocrx_word' id='word_1_191' title='bbox 1581 2631 1696 2694; x_wconf 88' lang='lat' dir='ltr'><strong>sed</strong></span> <span class='ocrx_word' id='word_1_192' title='bbox 1725 2650 1808 2693; x_wconf 84' lang='lat' dir='ltr'><strong>ex</strong></span> <span class='ocrx_word' id='word_1_193' title='bbox 1837 2634 2137 2710; x_wconf 65' lang='lat' dir='ltr'><strong>gentibue</strong></span> 
     </span>
     <span class='ocr_line' id='line_1_28' title="bbox 261 2718 2133 2802; baseline -0.003 -19"><span class='ocrx_word' id='word_1_194' title='bbox 261 2722 500 2785; x_wconf 86' lang='lat' dir='ltr'><strong>iterum</strong></span> <span class='ocrx_word' id='word_1_195' title='bbox 546 2720 953 2802; x_wconf 87' lang='lat' dir='ltr'><strong>colliguntur,</strong></span> <span class='ocrx_word' id='word_1_196' title='bbox 1001 2727 1068 2785; x_wconf 87' lang='lat' dir='ltr'><strong>et</strong></span> <span class='ocrx_word' id='word_1_197' title='bbox 1097 2722 1446 2787; x_wconf 89' lang='lat' dir='ltr'><strong>victoribus</strong></span> <span class='ocrx_word' id='word_1_198' title='bbox 1476 2720 1818 2801; x_wconf 86' lang='lat' dir='ltr'><strong>imperant,</strong></span> <span class='ocrx_word' id='word_1_199' title='bbox 1865 2718 1989 2782; x_wconf 79' lang='lat' dir='ltr'><strong>hee</strong></span> <span class='ocrx_word' id='word_1_200' title='bbox 2021 2726 2133 2790; x_wconf 64' lang='lat' dir='ltr'><strong>eet,</strong></span> 
     </span>
     <span class='ocr_line' id='line_1_29' title="bbox 261 2806 2134 2890; baseline -0.004 -18"><span class='ocrx_word' id='word_1_201' title='bbox 261 2811 431 2872; x_wconf 90' lang='lat' dir='ltr'><strong>fiunt</strong></span> <span class='ocrx_word' id='word_1_202' title='bbox 476 2808 767 2873; x_wconf 90' lang='lat' dir='ltr'><strong>doctores</strong></span> <span class='ocrx_word' id='word_1_203' title='bbox 813 2810 1125 2890; x_wconf 87' lang='lat' dir='ltr'><strong>gentium,</strong></span> <span class='ocrx_word' id='word_1_204' title='bbox 1172 2809 1522 2874; x_wconf 88' lang='lat' dir='ltr'><strong>traducunt</strong></span> <span class='ocrx_word' id='word_1_205' title='bbox 1551 2812 1772 2888; x_wconf 81' lang='lat' dir='ltr'><strong>gentes</strong></span> <span class='ocrx_word' id='word_1_206' title='bbox 1801 2806 1884 2869; x_wconf 90' lang='lat' dir='ltr'><strong>ab</strong></span> <span class='ocrx_word' id='word_1_207' title='bbox 1917 2806 2134 2886; x_wconf 69' lang='lat' dir='ltr'><strong>impie</strong></span> 
     </span>
     <span class='ocr_line' id='line_1_30' title="bbox 263 2894 2137 2978; baseline -0.004 -16"><span class='ocrx_word' id='word_1_208' title='bbox 263 2904 396 2962; x_wconf 87' lang='lat' dir='ltr'><strong>tate</strong></span> <span class='ocrx_word' id='word_1_209' title='bbox 440 2899 528 2962; x_wconf 89' lang='lat' dir='ltr'><strong>ad</strong></span> <span class='ocrx_word' id='word_1_210' title='bbox 580 2898 980 2978; x_wconf 85' lang='lat' dir='ltr'><strong>agnitionem</strong></span> <span class='ocrx_word' id='word_1_211' title='bbox 1036 2898 1171 2976; x_wconf 91' lang='lat' dir='ltr'><strong>dei,</strong></span> <span class='ocrx_word' id='word_1_212' title='bbox 1231 2905 1300 2962; x_wconf 86' lang='lat' dir='ltr'><strong>et</strong></span> <span class='ocrx_word' id='word_1_213' title='bbox 1353 2917 1500 2963; x_wconf 86' lang='lat' dir='ltr'><strong>vere</strong></span> <span class='ocrx_word' id='word_1_214' title='bbox 1554 2894 1803 2967; x_wconf 87' lang='lat' dir='ltr'><strong>faciunt</strong></span> <span class='ocrx_word' id='word_1_215' title='bbox 1860 2894 2137 2958; x_wconf 71' lang='lat' dir='ltr'><strong>Sabeeee</strong></span> 
     </span>
     <span class='ocr_line' id='line_1_31' title="bbox 266 2983 2033 3070; baseline -0.004 -21"><span class='ocrx_word' id='word_1_216' title='bbox 266 2986 673 3050; x_wconf 85' lang='lat' dir='ltr'><strong>abundantes</strong></span> <span class='ocrx_word' id='word_1_217' title='bbox 720 2987 901 3050; x_wconf 91' lang='lat' dir='ltr'><strong>omni</strong></span> <span class='ocrx_word' id='word_1_218' title='bbox 946 3007 1175 3068; x_wconf 89' lang='lat' dir='ltr'><strong>genere</strong></span> <span class='ocrx_word' id='word_1_219' title='bbox 1220 2985 1656 3070; x_wconf 87' lang='lat' dir='ltr'><strong>spiritualium</strong></span> <span class='ocrx_word' id='word_1_220' title='bbox 1700 2983 2033 3047; x_wconf 78' lang='lat' dir='ltr'><strong>donorum.</strong></span> 
     </span>
     <span class='ocr_line' id='line_1_32' title="bbox 443 3071 2137 3140; baseline -0.005 -2"><span class='ocrx_word' id='word_1_221' title='bbox 443 3075 819 3138; x_wconf 81' lang='lat' dir='ltr'><strong>Statuamus</strong></span> <span class='ocrx_word' id='word_1_222' title='bbox 895 3081 1117 3139; x_wconf 88' lang='lat' dir='ltr'><strong>autem</strong></span> <span class='ocrx_word' id='word_1_223' title='bbox 1194 3076 1366 3140; x_wconf 87' lang='lat' dir='ltr'><strong>hanc</strong></span> <span class='ocrx_word' id='word_1_224' title='bbox 1433 3071 1930 3138; x_wconf 74' lang='lat' dir='ltr'><strong>consolationem</strong></span> <span class='ocrx_word' id='word_1_225' title='bbox 2001 3094 2065 3134; x_wconf 68' lang='lat' dir='ltr'><strong>ee</strong></span> <span class='ocrx_word' id='word_1_226' title='bbox 2041 3090 2101 3122; x_wconf 66' lang='lat' dir='ltr'><strong>ee</strong></span> <span class='ocrx_word' id='word_1_227' title='bbox 2082 3090 2089 3093; x_wconf 49' lang='lat'><em>*</em></span> <span class='ocrx_word' id='word_1_228' title='bbox 2073 3090 2137 3130; x_wconf 81' lang='lat' dir='ltr'><strong>ee</strong></span> 
     </span>
     <span class='ocr_line' id='line_1_33' title="bbox 266 3157 2133 3245; baseline -0.002 -19"><span class='ocrx_word' id='word_1_229' title='bbox 266 3163 648 3243; x_wconf 87' lang='lat' dir='ltr'><strong>generalem.</strong></span> <span class='ocrx_word' id='word_1_230' title='bbox 661 3157 687 3196; x_wconf 78' lang='lat'>²</span> <span class='ocrx_word' id='word_1_231' title='bbox 785 3162 1033 3227; x_wconf 87' lang='lat' dir='ltr'><strong>Verum</strong></span> <span class='ocrx_word' id='word_1_232' title='bbox 1075 3163 1255 3228; x_wconf 90' lang='lat' dir='ltr'><strong>enim</strong></span> <span class='ocrx_word' id='word_1_233' title='bbox 1309 3170 1408 3228; x_wconf 88' lang='lat' dir='ltr'><strong>est</strong></span> <span class='ocrx_word' id='word_1_234' title='bbox 1458 3161 1634 3245; x_wconf 87' lang='lat' dir='ltr'><strong>quod</strong></span> <span class='ocrx_word' id='word_1_235' title='bbox 1678 3163 1913 3225; x_wconf 88' lang='lat' dir='ltr'><strong>Paulus</strong></span> <span class='ocrx_word' id='word_1_236' title='bbox 1957 3162 2133 3234; x_wconf 71' lang='lat' dir='ltr'><strong>dieii.</strong></span> 
     </span>
     <span class='ocr_line' id='line_1_34' title="bbox 266 3250 2137 3334; baseline -0.003 -19"><span class='ocrx_word' id='word_1_237' title='bbox 266 3251 483 3315; x_wconf 88' lang='lat' dir='ltr'><strong>electis</strong></span> <span class='ocrx_word' id='word_1_238' title='bbox 528 3251 751 3315; x_wconf 84' lang='lat' dir='ltr'><strong>omnia</strong></span> <span class='ocrx_word' id='word_1_239' title='bbox 794 3253 1117 3334; x_wconf 88' lang='lat' dir='ltr'><strong>cooperari</strong></span> <span class='ocrx_word' id='word_1_240' title='bbox 1160 3253 1233 3314; x_wconf 87' lang='lat' dir='ltr'><strong>in</strong></span> <span class='ocrx_word' id='word_1_241' title='bbox 1275 3253 1556 3330; x_wconf 88' lang='lat' dir='ltr'><strong>bonum,</strong></span> <span class='ocrx_word' id='word_1_242' title='bbox 1603 3258 1670 3317; x_wconf 89' lang='lat' dir='ltr'><strong>et</strong></span> <span class='ocrx_word' id='word_1_243' title='bbox 1711 3271 1832 3316; x_wconf 89' lang='lat' dir='ltr'><strong>nec</strong></span> <span class='ocrx_word' id='word_1_244' title='bbox 1875 3250 2045 3314; x_wconf 78' lang='lat' dir='ltr'><strong>fame</strong></span> <span class='ocrx_word' id='word_1_245' title='bbox 2029 3270 2137 3322; x_wconf 77' lang='lat' dir='ltr'><strong>m</strong></span> 
     </span>
     <span class='ocr_line' id='line_1_35' title="bbox 266 3325 2137 3422; baseline -0.002 -22"><span class='ocrx_word' id='word_1_246' title='bbox 266 3359 386 3403; x_wconf 86' lang='lat' dir='ltr'><strong>nec</strong></span> <span class='ocrx_word' id='word_1_247' title='bbox 441 3339 764 3421; x_wconf 84' lang='lat' dir='ltr'><strong>gladium,</strong></span> <span class='ocrx_word' id='word_1_248' title='bbox 838 3361 957 3404; x_wconf 93' lang='grc'>1103</span> <span class='ocrx_word' id='word_1_249' title='bbox 1020 3346 1466 3422; x_wconf 86' lang='lat' dir='ltr'><strong>separaturum</strong></span> <span class='ocrx_word' id='word_1_250' title='bbox 1521 3361 1562 3403; x_wconf 90' lang='lat' dir='ltr'><strong>a</strong></span> <span class='ocrx_word' id='word_1_251' title='bbox 1614 3325 1953 3404; x_wconf 80' lang='lat' dir='ltr'><strong>dilectione</strong></span> <span class='ocrx_word' id='word_1_252' title='bbox 2013 3342 2137 3414; x_wconf 66' lang='grc'>1,·1111</span> 
     </span>
     <span class='ocr_line' id='line_1_36' title="bbox 332 3428 2137 3522; baseline -0.004 -29.933"><span class='ocrx_word' id='word_1_253' title='bbox 332 3448 389 3492; x_wconf 91' lang='lat' dir='ltr'><strong>c</strong></span> <span class='ocrx_word' id='word_1_254' title='bbox 434 3433 562 3505; x_wconf 88' lang='lat' dir='ltr'><strong>est,</strong></span> <span class='ocrx_word' id='word_1_255' title='bbox 604 3428 819 3493; x_wconf 89' lang='lat' dir='ltr'><strong>deum</strong></span> <span class='ocrx_word' id='word_1_256' title='bbox 862 3448 983 3493; x_wconf 87' lang='lat' dir='ltr'><strong>nos</strong></span> <span class='ocrx_word' id='word_1_257' title='bbox 1028 3429 1289 3522; x_wconf 88' lang='lat' dir='ltr'><strong>diligere</strong></span> <span class='ocrx_word' id='word_1_258' title='bbox 1336 3435 1598 3513; x_wconf 87' lang='lat' dir='ltr'><strong>propter</strong></span> <span class='ocrx_word' id='word_1_259' title='bbox 1649 3429 1884 3506; x_wconf 85' lang='lat' dir='ltr'><strong>filium,</strong></span> <span class='ocrx_word' id='word_1_260' title='bbox 1945 3430 2137 3490; x_wconf 71' lang='lat' dir='ltr'><strong>etiem</strong></span> 
     </span>
     <span class='ocr_line' id='line_1_37' title="bbox 332 3510 2137 3600; baseline -0.003 -20"><span class='ocrx_word' id='word_1_261' title='bbox 332 3536 420 3580; x_wconf 74' lang='lat' dir='ltr'><strong>um</strong></span> <span class='ocrx_word' id='word_1_262' title='bbox 476 3510 727 3597; x_wconf 88' lang='lat' dir='ltr'><strong>gladius</strong></span> <span class='ocrx_word' id='word_1_263' title='bbox 780 3525 846 3583; x_wconf 89' lang='lat' dir='ltr'><strong>et</strong></span> <span class='ocrx_word' id='word_1_264' title='bbox 898 3519 1103 3582; x_wconf 88' lang='lat' dir='ltr'><strong>fames</strong></span> <span class='ocrx_word' id='word_1_265' title='bbox 1160 3539 1279 3583; x_wconf 92' lang='lat' dir='ltr'><strong>nos</strong></span> <span class='ocrx_word' id='word_1_266' title='bbox 1324 3524 1574 3600; x_wconf 87' lang='lat' dir='ltr'><strong>urgent.</strong></span> <span class='ocrx_word' id='word_1_267' title='bbox 1663 3519 1855 3581; x_wconf 88' lang='lat' dir='ltr'><strong>Hanc</strong></span> <span class='ocrx_word' id='word_1_268' title='bbox 1921 3529 2137 3578; x_wconf 73' lang='lat' dir='ltr'><strong>autem</strong></span> 
     </span>
    </p>
   </div>
   <div class='ocr_carea' id='block_1_6' title="bbox 332 3658 699 3668">
    <p class='ocr_par' dir='ltr' id='par_1_7' title="bbox 332 3658 699 3668">
     <span class='ocr_line' id='line_1_38' title="bbox 332 3658 699 3668; baseline 0 0"><span class='ocrx_word' id='word_1_269' title='bbox 332 3658 699 3668; x_wconf 95' lang='lat' dir='ltr'><strong> </strong></span> 
     </span>
    </p>
   </div>
   <div class='ocr_carea' id='block_1_7' title="bbox 366 3722 2137 3868">
    <p class='ocr_par' dir='ltr' id='par_1_8' title="bbox 366 3722 2137 3868">
     <span class='ocr_line' id='line_1_39' title="bbox 452 3722 2137 3794; baseline -0.007 -11"><span class='ocrx_word' id='word_1_270' title='bbox 452 3725 506 3794; x_wconf 91' lang='grc'><strong>1)</strong></span> <span class='ocrx_word' id='word_1_271' title='bbox 568 3725 899 3784; x_wconf 82' lang='lat' dir='ltr'><strong>Consolatio</strong></span> <span class='ocrx_word' id='word_1_272' title='bbox 966 3727 1239 3782; x_wconf 87' lang='lat' dir='ltr'><strong>ecclesiae</strong></span> <span class='ocrx_word' id='word_1_273' title='bbox 1299 3728 1362 3782; x_wconf 91' lang='lat' dir='ltr'><strong>in</strong></span> <span class='ocrx_word' id='word_1_274' title='bbox 1423 3728 1532 3784; x_wconf 89' lang='lat' dir='ltr'><strong>hoc</strong></span> <span class='ocrx_word' id='word_1_275' title='bbox 1594 3724 1814 3782; x_wconf 88' lang='lat' dir='ltr'><strong>mundo</strong></span> <span class='ocrx_word' id='word_1_276' title='bbox 1877 3722 2137 3777; x_wconf 70' lang='lat' dir='ltr'><strong>afflietee,</strong></span> 
     </span>
     <span class='ocr_line' id='line_1_40' title="bbox 366 3796 1450 3868; baseline 0.002 -19"><span class='ocrx_word' id='word_1_277' title='bbox 366 3796 523 3852; x_wconf 89' lang='lat' dir='ltr'><strong>Deus</strong></span> <span class='ocrx_word' id='word_1_278' title='bbox 558 3798 749 3868; x_wconf 86' lang='lat' dir='ltr'><strong>diligit</strong></span> <span class='ocrx_word' id='word_1_279' title='bbox 783 3813 892 3854; x_wconf 88' lang='lat' dir='ltr'><strong>nos</strong></span> <span class='ocrx_word' id='word_1_280' title='bbox 927 3799 1039 3853; x_wconf 90' lang='lat' dir='ltr'><strong>etsi</strong></span> <span class='ocrx_word' id='word_1_281' title='bbox 1076 3798 1257 3865; x_wconf 80' lang='lat' dir='ltr'><strong>affligi</strong></span> <span class='ocrx_word' id='word_1_282' title='bbox 1294 3799 1450 3853; x_wconf 86' lang='lat' dir='ltr'><strong>sinit.</strong></span> 
     </span>
    </p>
   </div>
  </div>
 </body>
</html>
