2584 4267
466 334 502 394 Ξ
518 334 550 390 ᾖ
562 334 598 390 :3
1148 325 1358 405 Caput
1402 325 1665 387 tertium

650 500 742 567 1Ν
742 525 829 567 on
902 507 1121 565 autem
1188 497 1591 565 existimabis
1659 501 2133 566 invocationem
2206 523 2350 566 esse

466 598 708 658 mulam
754 591 1253 674 appellationem
1297 590 1585 653 nominis
1631 590 1755 667 dei,
1803 591 1973 654 hanc
2004 592 2062 654 si
2093 598 2350 672 spectes

466 694 502 746 t.
518 694 638 746 :tus
680 681 966 745 mundus
1010 681 1242 762 plenus
1290 679 1413 742 erit
1455 679 1906 743 invocantibus
1946 680 2205 743 domini
2236 699 2347 744 no-

466 794 634 834 nuru÷
703 772 850 834 Non
872 769 1169 846 IudaeuS‚
1202 789 1340 832 non
1360 769 1584 845 Tui-ca,
1619 777 1753 831 n'on
1781 770 2140 833 monachus
2173 771 2346 833 inve-

466 866 642 922 nitur
669 859 784 940 qui
814 879 947 922 non
992 858 1291 934 multum,
1341 863 1407 920 et
1435 857 1600 920 serio
1644 856 1914 935 invocet,
1963 860 2349 939 praesertim

466 949 849 1014 [umstitutus
878 947 951 1009 in
982 946 1300 1029 periculis.
1349 945 1475 1009 Sed
1506 966 1740 1024 revera,
1788 953 1864 1009 ut
1892 953 1969 1010 ut
1996 948 2159 1010 haec
2192 948 2343 1022 sint,

470 1042 718 1102 nullum
762 1038 930 1100 inter
975 1036 1197 1098 omnia
1239 1053 1437 1116 opera
1476 1035 1882 1120 invocatione
1927 1056 2080 1099 vera
2139 1036 2349 1100 rarius

466 1138 578 1190 est..
658 1127 736 1189 Id
781 1132 857 1188 ut
900 1125 1177 1204 intelligi
1205 1124 1412 1206 possit
1441 1124 1735 1187 definitio
1779 1142 1930 1188 vera
1976 1125 2351 1204 quaerenda

466 1226 578 1278 *gf-at..
701 1216 890 1277 Hanc
965 1219 1182 1277 autem
1272 1233 1408 1276 non
1481 1219 1661 1295 petes
1738 1233 1819 1275 ex
1893 1212 2349 1294 sophistarum

470 1306 719 1381 swhnfis,
766 1304 1039 1366 Paulum
1085 1302 1213 1365 fide
1258 1301 1532 1382 dignum
1576 1307 1808 1365 testem
1853 1303 2180 1379 adhibeto,
2233 1305 2352 1384 qui

470 1398 638 1454 hune
716 1393 929 1474 ipsam
1008 1392 1358 1474 prophetae
1436 1390 1826 1455 sententiam
1903 1397 1968 1453 et
2041 1391 2202 1454 citat
2270 1398 2352 1454 -et

470 1481 729 1562 [gregia
762 1480 1057 1561 explicat,
1106 1481 1290 1542 Rom.
1345 1473 1486 1543 10.εἰ
1569 1481 1716 1543 Non
1760 1480 1979 1559 inquit
2023 1486 2122 1543 est
2160 1480 2349 1543 diffe-

471 1574 674 1634 rem-itia
739 1569 964 1631 Iudaei
1038 1575 1104 1632 et
1171 1569 1414 1631 Graeci.
1530 1568 1713 1631 Idem
1789 1569 1965 1631 enim
2041 1569 2351 1632 dominus

470 1682 570 1722 on]
582 1662 780 1734 nium,
814 1658 993 1721 dives
1024 1657 1095 1719 in
1126 1676 1352 1720 omnes
1383 1657 1754 1720 invocantes
1785 1658 2022 1738 ipsum.
2036 1651 2062 1691 ⁸
2118 1658 2351 1721 Omnis

470 1750 642 1810 enin]
713 1746 827 1827 qui
894 1746 1287 1810 invocaverit
1355 1767 1593 1808 nomen
1661 1746 1912 1809 domini
1971 1747 2347 1810 salvabitur.

470 1836 806 1910 Quumodo
837 1841 1055 1898 autem
1099 1835 1510 1912 invocabunt,
1557 1835 1629 1897 in
1675 1855 1870 1916 quem
1899 1855 2035 1898 non
2065 1836 2347 1899 credide·

470 1934 622 1990 runt
638 1929 668 1986 P
758 1925 1095 2000 Quomodo
1141 1931 1359 1990 autem
1405 1924 1665 1986 credent
1681 1973 1695 2000 ‚
1746 1944 1942 2004 quem
1987 1945 2123 1988 non
2167 1920 2347 1988 a'udi-

474 2016 740 2078 verunt?
861 2013 1199 2089 Quomodo
1274 2019 1493 2076 autem
1576 2013 1845 2076 audient
1919 2013 1975 2076 si
2051 2035 2185 2076 non
2259 2015 2349 2076 sit

474 2104 911 2186 praedicator?
965 2170 973 2187 x
1015 2103 1356 2177 Quomodo
1416 2108 1634 2164 autem
1690 2101 2159 2183 praedicabunt
2218 2103 2350 2166 nisi
2403 2185 2408 2189 η

470 2198 727 2254 sur-runt
772 2192 957 2255 missi
972 2186 1028 2268 ‚4
1080 2192 1248 2255 sicut
1292 2191 1607 2271 scriptum
1652 2197 1775 2254 est:
1826 2211 2023 2271 quam
2068 2191 2348 2272 speciosi

471 2286 663 2362 pvzles
755 2281 1329 2360 evangelizantium
1415 2299 1642 2361 pacem
1657 2329 1671 2356 ,
1766 2279 2348 2360 evangelizantium

470 2374 638 2430 hana
682 2375 800 2432 etc.
892 2369 1073 2429 Haeo
1133 2375 1231 2432 est
1285 2368 1720 2449 pulcherrima
1774 2375 1841 2432 et
1866 2431 1882 2435 ,
1906 2368 2348 2432 eruditissima

466 2462 661 2518 huius
721 2457 1075 2520 sententiae
1122 2457 1466 2537 explicatio
1479 2507 1493 2534 ,
1558 2477 1688 2537 qua
1743 2457 2028 2521 ostendit
2081 2458 2342 2534 PauluS,

466 2546 626 2626 quid
671 2546 756 2608 sit
799 2565 949 2608 vera
991 2545 1328 2622 invocatio,
1377 2546 1483 2609 cui
1526 2546 1662 2609 Ioel
1704 2547 1980 2610 salutem
2009 2567 2091 2608 ex
2127 2554 2347 2632 morte

470 2645 530 2698 nt
578 2634 851 2718 peccatis
897 2633 1141 2697 tribuit.

642 2723 986 2805 imperitus
1040 2722 1275 2803 aliquis
1343 2742 1669 2787 sacrarum
1734 2743 1951 2786 rerum
2008 2724 2342 2804 cogitabit,

466 2812 935 2878 invocationem
980 2832 1118 2875 esse
1164 2831 1328 2893 opus
1374 2813 1641 2875 secundi
1685 2812 2011 2894 praecepti
2026 2863 2039 2889 ,
2101 2833 2178 2876 ac
2224 2815 2356 2876 mi-'

466 2906 724 2979 rabitur,
774 2922 886 2965 cur
928 2901 1083 2964 huic
1128 2901 1308 2983 operi
1351 2901 1619 2964 secundi
1664 2903 1989 2982 praecepti
2019 2901 2348 2965 tribuatur

466 2994 663 3066 salus,
726 2997 792 3054 et
847 3011 982 3053 non
1024 2991 1269 3071 potiuS‚
1326 2991 1430 3054 vel
1472 2991 1682 3071 primo
1728 2996 2069 3073 praecepto
2083 3040 2096 3066 ,
2162 2991 2349 3071 quod

466 3082 658 3142 fids-m
704 3086 769 3142 et
812 3079 1111 3143 timorem
1142 3079 1364 3160 exigit,
1410 3080 1512 3142 vel
1541 3079 1789 3159 integro
1819 3080 2141 3159 decalogo
2215 3079 2344 3142 Sed

466 3170 695 3230 Paulus
742 3168 1172 3231 eruditissime
1217 3167 1591 3250 respondet,
1654 3169 2128 3232 invocationem
2185 3188 2340 3250 pen-

466 3258 610 3318 dere
658 3275 737 3318 ex
781 3255 927 3332 fide,
975 3256 1176 3320 fidem>
1218 3264 1435 3320 autem
1481 3277 1563 3318 ex
1606 3256 1819 3333 verbo,
1883 3277 1958 3320 ac
2003 3258 2346 3320 constituit

466 3346 630 3406 harffl
676 3345 1119 3409 definitionem
1164 3339 1648 3410 invocationis⁵
1745 3347 2052 3410 Invocare
2096 3354 2372 3409 nomen‘

462 3434 712 3495 munim
757 3440 873 3511 est,
920 3454 1071 3498 cum
1116 3434 1304 3498 audis
1351 3434 1636 3515 primum
1667 3434 2044 3515 evangelion
2075 3435 2156 3497 de
2203 3435 2318 3497 ffli«

642 3663 695 3732 1)
733 3662 1029 3720 Invocatio
1064 3678 1201 3718 vera
1236 3661 1598 3716 rarissimum
1643 3678 1805 3729 opus.
1879 3662 1935 3730 2)
1974 3664 2122 3716 Ien.:
2173 3663 2310 3717 Rom

466 3738 546 3790 11].
646 3735 700 3803 3)
757 3733 1144 3790 Invocationis
1205 3733 1467 3788 definitio
1527 3733 1683 3801 apud
1736 3731 1981 3787 Paulum
2035 3735 2202 3788 Rom.
2254 3733 2310 3787 1(

462 3810 518 3870 42}
562 3810 701 3858 Iena
741 3806 947 3859 Esaiae
983 3804 1069 3859 52.
1142 3805 1199 3872 5)
1236 3804 1546 3873 Invocati0‚
1586 3802 1727 3872 quid
1765 3806 1857 3858 sit.
