2584 4267
423 310 523 374 Amos
544 309 731 391 prophetae.
981 307 1044 372 331

391 485 532 550 'Montes
554 485 749 568 Sa[mura'as]:

125 612 246 674 regnum
266 591 375 670 Israel,
462 676 466 682 q

385 761 389 766 ι
488 715 670 798 insa[m'as]:

125 843 276 888 mammon
297 823 439 890 multum
462 843 493 904 q.
509 823 542 886 d.
565 823 620 886 hic
642 823 733 886 nulla
747 828 796 888 est
810 823 1046 888 administratio

125 913 206 989 imis,
239 932 305 976 non
340 917 390 976 ast
417 911 493 975 finis
520 913 733 994 possessionis
759 911 946 980 divitiarum
975 933 1046 977 oon·

125 1001 251 1082 gregatio
273 1001 498 1064 thesaurorum
520 1007 580 1065 eto.
604 1000 753 1079 divitum,
778 1002 836 1083 qui
857 1002 1047 1084 opprimunt

124 1108 280 1171 pauperes,
311 1108 469 1171 pauperes
491 1095 691 1172 premuntur,
722 1089 929 1170 tyrannidem
956 1096 1046 1154 taxat

125 1183 174 1240 sto.
195 1183 231 1241 ut
256 1197 369 1240 omnes
396 1177 586 1260 prophetae,
617 1179 672 1243 bad
700 1193 757 1245 utu
783 1178 835 1261 1)οτ
861 1177 936 1262 tend
966 1183 1045 1258 mett,

125 1266 237 1348 sopiam
260 1271 472 1347 tyrannorum
493 1267 679 1330 multorum⁸

466 1394 684 1490 Nesoisr'unt.1

200 1538 327 1597 tantum
349 1533 440 1597 abest
460 1538 499 1596 ut
521 1533 587 1596 sint
607 1532 695 1610 iusti,
718 1533 908 1598 brutescunt
924 1539 957 1599 et
971 1541 1048 1598 sunt

121 1621 227 1702 ignari,
262 1621 342 1703 quid
370 1622 414 1686 sit
440 1626 573 1687 rectum.
619 1627 743 1688 reotum
776 1622 873 1705 [nudi
906 1623 954 1706 fut
986 1622 1046 1707 fid!

122 1711 255 1792 rapinas,
285 1711 486 1787 vastitatem,
516 1709 737 1792 iniquitatem,
768 1712 918 1794 injurias,
948 1710 1045 1794 pauci,

122 1797 237 1863 idest:
273 1799 338 1880 ipsi
367 1806 562 1879 congregant
591 1797 721 1863 divitias
756 1818 830 1862 suas
857 1799 977 1882 injuria
1010 1805 1047 1864 ut

123 1889 249 1968 tyranni,
272 1887 320 1954 tet
341 1889 393 1954 teo
416 1888 520 1953 unbem
542 1902 657 1970 neumas
672 1893 731 1951 eto.
754 1885 922 1968 vas[tario]:
947 1909 1045 1970 popu·
1176 1946 1178 1950 ,

123 1975 217 2040 lorum
238 1977 295 2057 qui
318 1982 396 2040 sunt
417 1976 501 2040 inter
530 1997 598 2053 eos,
626 1977 691 2040 illis
713 1981 888 2052 vastantur,
918 1983 956 2039 ut
983 1977 1047 2058 ipsi

125 2065 282 2130 ditescunt.
329 2066 476 2147 tyrannis
499 2064 681 2146 descriptio.

458 2219 694 2289 itibulabitur²

124 2329 263 2411 undique,
288 2352 330 2394 ox
351 2332 442 2396 omni
463 2337 563 2414 parte.
660 2325 663 2332 ’

201 2421 249 2483 Tu
282 2421 397 2503 diripis
430 2441 611 2502 pauperum
645 2420 842 2484 substantias
877 2423 909 2483 et
942 2425 1048 2484 vastas

125 2508 222 2570 omnia
242 2530 300 2591 per
322 2530 405 2591 quae
427 2530 556 2592 peooas,
580 2510 725 2592 punieris
747 2530 805 2592 per
826 2510 898 2586 illa,
927 2509 1047 2590 fugere,
1080 2557 1084 2562 .

126 2596 232 2661 seilicet
253 2598 433 2680 Assyrium.

436 2757 441 2764 ’
496 2757 663 2834 fortitudo,

125 2868 262 2942 potestas,
286 2885 336 2947 ps.
361 2864 461 2928 semel
477 2862 593 2927 audivi
615 2868 674 2925 eto.
699 2861 755 2925 sed
778 2867 815 2924 tu
839 2881 873 2924 es
895 2860 1047 2923 dominus

126 2951 192 3014 aius.
236 2953 288 3036 pbr
314 2951 418 3036 probes
446 2951 556 3034 boniet.
601 2951 692 3014 illam
714 2949 937 3015 fortitudinem
961 2947 1050 3014 toret

126 3036 217 3118 uam
238 3047 277 3105 ut
298 3062 402 3106 sesses
425 3043 605 3123 opprimere
628 3058 804 3122 pauperem
827 3043 886 3101 eto.

398 3198 568 3274 Quomodo
590 3199 619 3262 si
641 3192 760 3262 eruat⁸

201 3308 273 3372 Non
295 3307 444 3370 irascitur
466 3305 599 3387 spiritus
621 3305 718 3369 modo
741 3305 899 3380 humano,
925 3324 990 3366 non
1012 3308 1051 3366 ut

131 3391 201 3459 *ror
221 3397 386 3460 humanus
408 3395 466 3476 qui
488 3413 617 3476 prorsus
641 3394 800 3476 extirpare
823 3399 860 3457 ut
875 3392 1048 3456 Christum.

165 3505 187 3546 n
208 3487 253 3549 sio
276 3485 365 3548 deus.
412 3484 470 3565 qui
492 3484 631 3564 percutit
652 3488 690 3546 ut
712 3488 866 3546 maneant
894 3482 1049 3562 reliquiae

165 3593 228 3637 vae.
274 3575 418 3636 Minatur
447 3571 503 3634 hio
530 3571 768 3636 destructurum
790 3572 909 3636 omnia.
955 3569 1052 3631 Ponit

161 3714 326 3726 ——-..-.

203 3781 230 3851 1)
248 3801 275 3838 v.
295 3783 338 3838 10.
375 3781 404 3850 2)
422 3799 449 3837 v.
469 3779 511 3832 11.
548 3777 578 3846 3)
597 3797 624 3835 v.
643 3779 686 3835 12.
