2584 4267
377 1212 767 1297 Paonuooucui.

523 1394 631 1403 ——n—

124 1498 230 1599 Hunc
249 1536 516 1600 commentarium
531 1536 567 1598 in
581 1535 602 1599 J
603 1536 706 1599 celem
721 1536 921 1618 prophetam,
947 1540 1045 1618 quern

124 1624 204 1687 tertio
224 1626 259 1687 in
280 1625 350 1688 loco
369 1626 571 1701 collocamus,
595 1624 755 1687 Lutherus
771 1625 839 1706 ipse
855 1646 915 1688 nec
932 1625 1045 1689 descri-

123 1712 186 1793 psit,
208 1734 264 1777 nec
286 1714 477 1794 recognovit,
502 1733 562 1777 nec
585 1712 695 1777 edidit.
741 1714 837 1777 Vitus
860 1714 1046 1777 Theodorus

125 1802 199 1863 enim
219 1802 493 1883 Norimbergensis
515 1803 577 1866 hoc
599 1821 696 1865 suum
726 1820 807 1885 opus
830 1802 1046 1883 praelectioni-

124 1889 175 1952 bus
195 1890 278 1954 beati
300 1892 446 1971 magistri
461 1891 652 1955 academicis
668 1891 946 1955 accommodatum
962 1910 1047 1953 anno

125 1978 304 2043 MDXLVH.
328 1980 487 2062 principe,
512 1980 725 2043 MDXLVHI.
749 1980 885 2060 repetita
907 1979 1047 2042 editione

124 2067 197 2149 typis
225 2068 472 2133 exscribendum
501 2067 633 2133 curavit.
680 2068 800 2130 Omnes
827 2067 933 2130 adhuc
955 2068 1047 2131 libro-

124 2174 185 2218 rum
205 2177 366 2234 sacrorum
389 2158 604 2221 enarrationes
626 2176 685 2238 per
706 2157 821 2219 Vitum
844 2156 1049 2219 Theodorum

125 2246 273 2325 evulgatae
302 2246 480 2309 maximam
513 2246 647 2327 quidem
681 2245 716 2307 in
750 2250 875 2328 partem
909 2244 1047 2309 doctoris

124 2331 317 2397 illustrissimi
338 2334 441 2418 ipsius
464 2354 562 2415 opera
583 2333 714 2398 habitae
737 2340 769 2397 et
791 2354 858 2397 non
884 2334 991 2397 solum
1012 2335 1048 2396 in

126 2420 443 2503 Vuittembcrgenses,
467 2423 635 2498 Ionenses‚
660 2421 858 2503 Lipsienscs‚
890 2423 1048 2486 Halenscs

125 2516 151 2573 et
169 2511 339 2577 latinorum
362 2519 395 2576 et
417 2512 673 2593 germanicorum
694 2512 828 2574 Lutheri
857 2511 1048 2593 scriptorum

124 2603 215 2663 tomos
237 2600 295 2663 sed
317 2600 416 2665 etiam
437 2600 474 2663 in
495 2601 580 2663 hano
603 2606 746 2663 nostram
762 2600 865 2662 acrius
888 2600 1048 2663 examina-

124 2691 181 2750 tam
202 2696 346 2771 receptac
369 2695 446 2753 sunt
467 2688 652 2752 editionem.
698 2688 772 2751 Non
793 2707 966 2770 possumus
987 2689 1050 2768 hac

125 2774 158 2837 de
178 2797 296 2855 caussa,
321 2778 402 2859 quin
424 2784 457 2841 et
478 2779 566 2841 huno
589 2776 858 2840 commentarium
872 2776 1051 2839 collectioni

126 2864 317 2943 adiiciamus,
353 2866 481 2930 etiamsi
510 2866 545 2929 id
575 2865 709 2946 quidem
738 2864 832 2927 nobis
860 2883 1051 2945 persuasum

126 2958 210 3034 atque
225 2961 429 3038 perspectum
444 2960 501 3031 est,
525 2955 681 3018 maiorem
695 2953 793 3017 huius
807 2952 908 3015 libelli
926 2958 1051 3034 partem

126 3060 191 3121 prae
212 3045 344 3109 caeteris
367 3064 433 3107 non
455 3044 588 3107 Lutheri
611 3042 668 3106 sed
691 3040 850 3105 Theodori
877 3041 1051 3105 sententias

127 3132 286 3199 continere.
332 3133 373 3196 In
402 3131 537 3215 epistola
566 3151 625 3195 sua
661 3150 760 3212 quam
789 3130 879 3214 operi
904 3129 1053 3212 praefixit

128 3217 310 3285 dedicatoria
348 3220 389 3284 ad
427 3220 533 3284 virum
575 3220 817 3283 ornatissimum
853 3218 1053 3282 Fridericum

128 3306 345 3373 Bembeocium
389 3310 575 3373 Senatorem
621 3309 863 3388 Kitzingensem
913 3308 1053 3371 amioum

178 3416 216 3459 sa
236 3399 332 3463 Vitus
362 3398 549 3461 Theodorus
578 3397 647 3479 ipse
677 3398 757 3460 haec
786 3396 912 3463 scribit:
950 3397 1053 3474 ‚Mitto

185 3491 223 3563 te,
246 3487 296 3550 vir
317 3486 529 3563 ornatissime,
559 3486 728 3550 conciones
751 3485 855 3549 sancti
876 3486 1054 3567 Prophetae

182 3573 216 3636 lis
252 3575 494 3640 illustratas
532 3574 770 3640 commentariis
809 3595 857 3637 ex
884 3574 1055 3638 reverendi

182 3662 217 3725 ris
239 3670 271 3727 et
293 3664 507 3746 praeceptoris
531 3665 631 3728 nostri
654 3663 938 3745 praelectionibus,
968 3680 1054 3725 meo

188 3770 225 3813 re
247 3753 407 3819 collectis‘.
443 3755 564 3819 Auctor
585 3754 621 3817 in
642 3752 717 3817 libri
739 3752 946 3834 inscriptione
962 3748 1055 3810 -id

182 3850 405 3915 11110110111111311
432 3866 480 3907 Vol.
494 3866 559 3907 XXV.
878 3853 895 3905 9
938 3928 943 3935 q
