2584 4267
407 278 506 342 toene
527 259 713 359 prophetae.
972 276 1036 340 303

104 454 385 521 mntaminavimus
408 474 525 518 manus
548 460 673 518 nostras
688 453 854 516 innocenti
869 453 1035 534 sanguine,

105 553 133 610 at
151 546 259 609 hostes
282 543 384 607 nostri
404 544 472 606 iam
487 543 566 606 olim
581 542 737 623 sangiune
753 543 892 624 pollutas
907 562 1035 619 manus,

105 642 133 698 et
152 635 275 697 animos
298 633 429 695 habent.
476 632 557 706 Quis
584 632 683 712 igitur
713 631 788 694 finis
811 630 944 694 tandem
967 631 1036 695 erit.

106 723 257 786 Nimirum
289 722 332 798 is,
367 720 408 784 ds
442 740 508 800 quo
541 721 700 802 propheta
727 719 784 782 hio
812 718 1036 784 concionatur:

106 813 263 893 Aegyptus
286 829 368 891 quae
395 808 513 890 affligit
541 809 623 872 filios
645 808 759 885 Israel,
791 814 824 872 et
846 808 952 873 Edom
981 809 1039 890 qui

107 901 234 964 effundit
255 899 462 962 innocentem
491 898 698 978 sanguinem,
728 902 823 960 erunt
849 898 885 960 in
913 903 1038 969 vastam

107 989 313 1052 solitudinem.
354 986 416 1050 Sed
439 986 530 1064 Iuda,
554 987 616 1050 hoo
638 992 696 1064 est,
721 986 779 1068 qui
800 986 941 1050 retinent
964 1006 1036 1050 oon·

108 1077 270 1142 sessionem
300 1076 470 1156 evangelii,
499 1075 699 1143 habitabitur
724 1075 761 1138 in
788 1080 970 1151 aeternum,
1006 1081 1038 1138 et

108 1167 270 1253 Ierusalem
291 1166 328 1228 in
350 1164 590 1245 generationem
612 1171 646 1227 et
667 1163 915 1244 generationem.
954 1164 1036 1237 Quo·

109 1255 188 1318 niam
209 1255 361 1319 dominus
382 1253 560 1318 habitatin
574 1253 662 1330 Zion,
685 1253 748 1322 hoc
763 1257 820 1327 est,
844 1252 880 1315 in
895 1252 1035 1328 ecelesia,

110 1362 199 1424 qaam
220 1344 281 1408 etsi
303 1342 406 1424 afiligi
428 1342 515 1418 sinit,
539 1361 606 1404 non
627 1341 738 1405 tamen
761 1341 846 1404 sinet
860 1339 959 1405 everti
982 1347 1038 1404 aut

110 1433 215 1497 vastari
237 1432 377 1514 penitus.

186 1523 258 1584 Hac
280 1519 400 1584 eximia
421 1527 454 1584 et
477 1518 668 1582 suavissima
689 1518 901 1601 promissione
918 1517 1039 1583 claudit

110 1610 166 1673 Ioel
186 1630 260 1673 suas
283 1610 462 1672 conciones.
510 1608 750 1688 coniungamus
778 1606 876 1688 igitur
904 1613 979 1672 vota
1006 1613 1039 1670 et

110 1719 206 1779 preces
227 1698 281 1761 his
303 1697 430 1760 miseris
460 1697 669 1777 temporibus.
716 1697 743 1758 O
771 1702 918 1759 aeternae
948 1702 1039 1776 pater

111 1787 231 1863 domini,
257 1791 290 1849 et
312 1785 490 1848 liberatoris
513 1785 615 1848 nostri
636 1785 712 1847 lesu
727 1784 856 1860 Christi,
880 1784 1038 1846 sentimus

112 1895 182 1955 quae
214 1880 290 1939 tuae
326 1870 478 1937 ecelesiae
510 1871 546 1936 in
571 1874 634 1936 hac
660 1873 728 1936 vita
755 1873 798 1936 sit
827 1873 971 1949 fortuna,
1007 1879 1040 1936 et
1151 1911 1153 1915 ,

112 1983 198 2043 quam
219 1969 406 2026 exerceatur
422 1962 514 2027 ‘varie
537 1983 558 2025 a
578 1962 698 2026 Satana
721 1968 753 2026 et
774 1960 911 2026 mundo:
939 1962 1038 2042 Roga-

112 2073 174 2116 mus
201 2053 301 2133 igitur
330 2057 362 2115 te
383 2072 442 2137 per
463 2052 552 2117 huno
574 2051 779 2133 unigenitum
801 2051 906 2114 filium
934 2055 1037 2127 tuum,

113 2146 145 2204 ut
166 2142 309 2225 primum
336 2140 452 2224 spiritu
479 2147 536 2206 tuo
565 2147 677 2205 saneto
710 2145 836 2204 nostros
870 2139 1038 2202 confirmes

113 2231 242 2310 animos,
266 2251 309 2295 ne
331 2236 380 2295 tot
401 2231 551 2314 periculis
575 2229 839 2306 succumbamus,
864 2227 981 2291 deinde
1003 2234 1041 2292 ut

114 2317 244 2384 hostium
277 2326 411 2384 conatus
445 2341 513 2384 non
545 2319 651 2383 solum
679 2317 852 2400 impedias,
888 2316 945 2380 sed
973 2316 1038 2380 fido

116 2414 143 2470 et
158 2409 304 2473 mirando
326 2409 447 2472 auxilio
469 2415 526 2473 tuo
548 2407 618 2472 totiv
631 2406 755 2472 mundo
778 2407 918 2471 declares
945 2406 1039 2470 ecole-

117 2497 186 2560 siam
206 2506 298 2563 tuam
320 2496 381 2562 tibi
403 2518 473 2562 esse
495 2517 603 2574 aurae,
627 2516 763 2576 eamque
786 2517 891 2578 regas,
922 2495 1040 2561 tuearis

118 2588 268 2665 stativas,
294 2588 352 2668 qui
374 2587 456 2652 vivis
479 2591 513 2650 et
533 2606 648 2667 regnas
671 2591 819 2648 aeternus
842 2585 930 2660 deus,
961 2584 1040 2648 deus

115 2681 205 2753 pater,
228 2675 308 2740 deus
331 2676 426 2752 filius,
451 2675 531 2740 deus
554 2675 686 2757 spiritus
701 2679 840 2756 sanetus,
864 2673 900 2735 in
915 2673 1041 2736 saecula

114 2765 312 2847 ,saeuorum
335 2766 452 2828 Amffl.
542 2815 546 2818 .
1130 2767 1131 2772 ’

217 2905 307 2970 linis
331 2905 540 2970 enarrationis
562 2903 599 2968 in
620 2903 687 2968 Ioel
709 2895 929 2985 prophetam.¹

266 2992 272 3006 ἱ

122 3061 319 3076 -ᾕ-

196 3152 223 3220 1)
240 3153 323 3210 Finis
342 3183 375 3193 -
394 3153 496 3222 proph.
516 3152 598 3207 deest
615 3152 648 3206 in
666 3151 710 3206 ed.
730 3151 791 3205 len.
