2584 4267
425 302 446 363 J
448 266 525 363 celis
548 302 732 382 prophetae.
985 305 1047 367 221
1140 257 1163 266 γ’

118 477 290 554 victimam,
315 483 348 540 et
369 477 444 554 filii,
469 478 527 558 qui
549 477 740 558 sanguinem
764 498 860 542 suum
883 480 969 544 fudit
991 504 1050 563 pro

118 567 246 646 peccatis
269 567 396 642 nostris,
420 573 453 629 et
476 565 607 648 spiritus
629 567 742 644 sancti,
766 569 823 648 qui
846 569 993 632 accendit
1013 571 1049 633 in
1169 585 1170 588 ’

74 672 77 678 ’
118 655 224 718 animis
246 655 401 717 fiduciam
424 674 499 734 erga
527 655 642 732 deum,
672 676 730 736 per
753 655 944 720 Christum.'
971 658 1050 722 Ideo

118 743 208 805 animi
240 745 405 806 intuentes
438 742 474 822 in
500 743 560 806 has
590 744 718 808 divitias
748 745 982 809 misericordiae
1016 753 1050 817 11
1167 747 1170 752 ’
1205 754 1228 810 .‘

116 832 260 895 bonitatis
283 832 345 909 dei,
370 840 545 913 erumpunt
566 833 602 895 in
623 833 755 896 laudem
777 833 839 911 dei,
863 835 1051 916 praedicant
1089 831 1090 838 ³

115 923 286 984 bonitatem
310 921 395 997 eius,
417 920 553 985 laudant
576 929 609 984 et
631 928 748 985 ornant
770 942 859 999 eum,
890 943 927 986 ac
950 926 1048 987 etiam
1165 943 1166 948 ¹
1207 915 1236 966 '³3⁶²‘

1228 1021 1241 1046 ξ’

116 1009 205 1072 vitam
227 1011 339 1091 potius
362 1009 519 1073 abiiciunt
541 1029 640 1091 quam
664 1011 906 1074 confessionem.

194 1098 309 1161 Iudaei
338 1099 522 1178 intelligrmt
547 1100 607 1162 bas
636 1099 865 1180 promissiones
894 1101 934 1163 de
969 1109 1046 1164 tom·

61 1253 67 1258 .
116 1187 207 1267 porali
227 1187 469 1264 benedictione,
500 1188 587 1268 quod
617 1208 719 1251 annos
745 1189 841 1250 famis
864 1209 1046 1271 recompen-

100 1282 250 1339 saturum
285 1276 437 1340 dominus
471 1295 504 1338 se
539 1271 653 1339 111111.1
710 1276 773 1339 Sed
806 1277 886 1357 quid
920 1281 1047 1360 copiam
1092 1287 1093 1290 ’

117 1385 253 1434 annonae
276 1373 309 1429 et
331 1385 444 1446 pacem
467 1363 568 1428 soleat
590 1366 687 1446 sequi
704 1372 819 1428 notum
842 1373 904 1443 est,
928 1387 1047 1449 nempe

117 1454 193 1533 quod
229 1455 337 1517 Moses
375 1446 490 1517 dicit²:
537 1453 653 1518 Servus
695 1474 786 1517 meus
824 1454 1046 1536 impinguatus
1103 1447 1105 1454 ’

89 1542 273 1628 dilatatus,
297 1543 493 1606 incrassatus
516 1550 579 1619 est,
604 1549 637 1606 11
659 1543 877 1607 recalcitravit.
923 1546 1046 1608 Natura

117 1632 193 1694 enim
218 1637 350 1712 peccato
379 1631 565 1713 depravata,
596 1652 663 1694 non
693 1638 799 1713 potest
827 1633 917 1696 aliter
946 1654 1045 1714 quam

118 1721 196 1782 abuti
217 1720 313 1783 donis
336 1719 404 1796 dei,
435 1741 502 1784 non
531 1721 636 1784 solum
667 1720 709 1782 ad
737 1722 853 1782 luxum
883 1729 915 1784 11
937 1743 1042 1803 super·

117 1809 202 1885 biam,
226 1810 283 1872 sed
306 1809 405 1872 etiam
428 1816 539 1873 contra
561 1809 727 1872 ecclesiam
750 1815 783 1872 et
804 1809 911 1886 deum,
935 1811 1045 1891 itaque

118 1917 174 1960 non
193 1898 315 1974 laudes,
339 1917 406 1960 non
429 1897 710 1978 gratiarumactio
733 1904 912 1978 sequuntur
935 1901 1045 1962 saturi-
1105 1933 1107 1937 ·
1212 1909 1221 1942 ⁷<

118 1991 221 2063 tatem,
246 1987 304 2050 sed
326 1992 531 2068 contemptus
553 1986 716 2067 religionis
739 1993 771 2048 et
793 1993 937 2048 extrema
959 1985 1043 2051 secu·

118 2075 192 2137 ritas.
237 2076 316 2138 Ideo
345 2075 425 2138 deus
459 2077 626 2138 ecclesiam
661 2095 768 2150 suam,
803 2081 878 2155 post
907 2075 969 2138 alia
998 2077 1043 2138 in·

119 2165 274 2227 commoda
307 2165 406 2227 etiam
439 2164 526 2227 fame
560 2171 593 2227 et
624 2164 736 2244 inopia
766 2163 904 2226 exerceri
934 2159 1041 2228 sinit³

119 2252 191 2325 Quia
211 2257 321 2316 autem
343 2252 472 2316 abunde
486 2253 586 2319 habet
600 2253 757 2334 pabulum
772 2252 870 2330 verbi,
895 2259 928 2316 et
947 2254 1047 2316 sentit

119 2340 240 2422 inipsis
263 2341 413 2422 periculis
440 2348 561 2404 certam
589 2341 855 2418 consolationem,
885 2341 958 2404 ideo
986 2342 1043 2404 sol·

119 2438 224 2493 1111111
244 2431 374 2510 linguae
396 2429 433 2492 in
453 2430 584 2493 laudem
598 2436 631 2492 11
645 2430 780 2510 gloriam
795 2430 857 2493 dei.
893 2430 944 2493 Sic
966 2430 1047 2494 dicit

120 2517 221 2580 Psalm.
247 2513 328 2581 51⁴:
352 2518 469 2581 Libera
489 2539 542 2581 me
565 2539 585 2580 a
606 2519 820 2599 sanguinibus
843 2519 940 2596 deus,
964 2519 1044 2583 deus

121 2607 217 2671 salutis
249 2627 357 2684 meae,
393 2613 426 2670 et
458 2607 570 2687 lingua
602 2626 676 2670 mea
708 2607 855 2670 laudabit
887 2608 1044 2671 iustitiam

121 2700 219 2758 1111111·
273 2697 317 2759 Et
354 2695 452 2759 Oseas
489 2689 607 2758 dicit⁵:
654 2696 788 2759 Dimitte
825 2703 972 2777 poccata,
1012 2702 1046 2759 et

121 2782 239 2855 benefac
261 2785 370 2862 nobis,
401 2791 435 2848 11
463 2784 635 2848 reddemus
662 2784 723 2846 tibi
745 2783 862 2847 vitulos
884 2784 1044 2846 labiorum

121 2879 295 2937 nostrorum.
341 2875 414 2936 Hoc
435 2874 533 2954 igitur
554 2873 636 2935 illud
658 2871 852 2934 beneficium
875 2878 932 2948 est,
956 2871 1045 2951 quod

121 2959 165 3024 hic
184 2963 305 3027 fructus
327 2963 420 3042 sequi
442 2963 536 3038 solet,
568 2969 607 3025 ut
627 2961 776 3024 laudetur
798 2959 879 3023 deus
901 2967 934 3023 et
956 2979 1043 3041 prae·

123 3049 229 3114 dicetur
249 3053 319 3114 eius
341 3051 573 3126 misericordia,
604 3051 688 3114 sicut
712 3049 871 3132 propheta
892 3049 946 3112 hic
968 3067 1045 3129 quo·

123 3156 174 3216 que
203 3140 296 3218 dicit,·
328 3139 520 3217 laudabitis,
553 3141 662 3220 inquit
689 3159 808 3202 nomen
838 3139 963 3202 domini
991 3137 1045 3200 dei

123 3229 217 3304 vestri,
243 3229 301 3310 qui
328 3229 407 3292 facit
434 3228 595 3291 mirabilia
616 3228 793 3292 vobiscum.
839 3229 929 3291 Haec
956 3227 1044 3290 enim

123 3314 265 3380 mirabilia
286 3337 353 3380 non
376 3323 453 3381 sunt
474 3315 654 3380 benedictio
678 3316 864 3398 corporalis,
892 3323 925 3380 et
947 3335 1043 3379 anno·

165 3423 174 3463 1
193 3406 333 3484 ubertas,
357 3406 415 3470 sed
437 3405 526 3487 quod
548 3406 643 3469 nobis
666 3404 790 3468 miseris
813 3406 1043 3486 peccatoribus,

200 3631 226 3699 1)
243 3634 383 3689 Saturitas
400 3633 487 3703 panis
505 3634 574 3688 facit
592 3648 715 3688 securos.
753 3631 781 3702 2)
800 3634 874 3688 Ien.:
894 3631 977 3685 Deut¹
996 3629 1040 3683 32,

169 3701 282 3764 'terbum
308 3707 416 3760 excitat
442 3707 480 3760 ad
506 3705 621 3759 laudem
646 3706 702 3758 dei.
742 3703 771 3772 4)
794 3705 869 3759 Ien:
898 3701 972 3755 Psal.
996 3700 1040 3754 51.
1160 3725 1161 3732 1
1198 3725 1201 3732 ι
1227 3701 1230 3730 ³

173 3774 231 3827 len:
249 3775 339 3831 Oscae
358 3776 401 3829 14.
