2584 4267
221 292 286 355 284
557 292 663 373 Caput
685 293 816 356 tertium

173 514 177 520 -
220 469 401 533 sistendum
423 469 512 532 enim
534 469 683 533 hostibus
706 470 797 533 verbi
820 475 877 545 est,
902 469 944 532 ad
968 471 1164 550 sanguinem

220 578 339 637 usque,
371 577 430 634 ne,
463 557 551 637 quod
573 578 678 621 unum
700 565 817 638 agrmt,
850 577 930 621 sana
952 559 1097 622 doctrina
1128 566 1165 624 et

219 667 313 710 verus
337 647 443 710 cultus
465 647 676 729 opprimatur.
723 647 787 710 Sed
809 648 845 710 in
868 648 930 710 hoc
945 669 1073 728 quoque
1096 647 1163 711 dis-

220 735 355 797 crimine
378 735 530 800 dominus
553 737 671 800 retinet
685 756 806 800 nomen
825 755 931 814 suum,
956 737 1163 817 sperantibus

220 824 309 887 enim
330 824 366 886 in
376 824 495 906 ipsum,
519 831 552 888 et
573 825 834 905 confugientibus
850 825 892 888 ad
907 826 976 888 eius
991 826 1161 901 auxilium,

220 920 270 975 est
291 913 450 976 liberator.
496 913 586 977 Sicut
613 915 651 976 in
678 915 743 988 fine
772 914 932 995 copiosius
955 919 1103 996 exponet,
1128 921 1164 977 et

220 1002 274 1064 hic
297 1002 469 1065 manifesta
491 1003 665 1066 consolatio
688 1009 752 1066 est:
781 999 892 1066 Scietis
920 1003 998 1083 quia
1025 1002 1162 1084 egedo

220 1091 329 1153 minus
353 1090 432 1154 deus
454 1097 567 1168 vester,
598 1092 711 1154 habito
739 1092 776 1153 in
806 1098 917 1154 sancto
946 1098 1057 1155 monte
1086 1111 1162 1154 meo

221 1179 309 1242 Zion.
356 1180 428 1242 Hoc
450 1186 515 1258 est,
538 1181 707 1243 ecclesiam
729 1186 956 1260 agnoscentem
978 1201 1045 1257 me,
1071 1181 1165 1244 etin

222 1287 288 1348 qua
308 1289 372 1330 vox
393 1288 468 1330 mea
489 1276 595 1346 sonat,
626 1290 693 1332 non
716 1269 878 1346 deseram,
908 1289 961 1332 ero
990 1269 1164 1350 cumipse

221 1357 320 1419 etiam
330 1356 366 1418 in
377 1357 592 1435 tribulatione,
606 1364 638 1420 et
649 1358 784 1439 eripiam
797 1377 878 1435 eam,
892 1358 976 1422 sicut
986 1359 1069 1422 Psal.
1084 1353 1158 1420 91.1

221 1444 314 1520 dicit,
345 1445 426 1508 haec
453 1447 481 1508 si
503 1453 647 1528 tempore
670 1447 857 1510 tentationis
881 1447 998 1509 animis
1027 1454 1164 1528 possent

202 1532 354 1594 ·firmiter
376 1533 508 1611 includi,
533 1554 552 1597 o
567 1555 668 1614 quam
683 1555 826 1598 essemus
841 1536 953 1598 beati?
977 1554 1078 1614 quam
1093 1556 1162 1598 non
1267 1531 1273 1634 ]

220 1621 465 1702 peturbaremur
486 1623 553 1686 ullo
575 1625 654 1686 maii
676 1625 797 1686 sensu?
835 1625 1024 1688 Meditanda
1051 1631 1163 1688 autem
1270 1637 1273 1710 1,

221 1710 350 1791 saepius
384 1718 469 1788 sunt,
505 1718 538 1774 et
562 1713 724 1794 rogandus
755 1732 884 1794 quoque
913 1713 1009 1790 deus,
1038 1719 1076 1776 ut
1103 1733 1163 1794 per

123 1801 127 1808 '
221 1799 372 1880 spiritum
404 1820 501 1864 suum
534 1802 593 1864 has
627 1801 856 1884 promissiones
890 1803 1007 1865 animis
1041 1801 1164 1865 nostris
1271 1812 1273 1878 ζ

221 1907 280 1950 ceu
302 1889 444 1968 sigillum
465 1890 641 1971 imprimat,
665 1910 788 1971 nosque
803 1911 861 1973 per
873 1911 929 1954 eas
950 1891 986 1953 in
1008 1891 1162 1954 omnibus

221 1977 371 2056 periculis
393 1979 502 2058 erigat.

333 2102 379 2165 Et
412 2103 485 2165 erit
517 2103 734 2165 Ierusalem
769 2109 924 2180 sancta,
961 2109 999 2166 et
1033 2102 1164 2166 alieni

266 2211 339 2252 non
362 2191 591 2254 transibunt
612 2211 682 2273 per
705 2211 789 2253 eam
813 2192 1003 2276 amplius..
1271 2259 1273 2276 2

309 2297 382 2359 Non
411 2297 480 2360 sine
511 2317 608 2360 causa
630 2297 775 2361 Christus
803 2297 894 2362 iubet
921 2299 1055 2362 scrutari
1087 2299 1165 2360 scri·
1271 2277 1273 2302 ¹

220 2389 332 2465 pturas
355 2384 395 2447 de
419 2405 462 2461 se,
486 2385 633 2448 videmus
657 2387 745 2448 enim
764 2386 851 2467 quod
866 2387 1062 2452 brevissimis
1085 2406 1164 2450 con·
1271 2381 1273 2448 i

221 2472 367 2534 cionibus
383 2473 588 2552 gravissimae
608 2493 659 2536 res
675 2475 1008 2555 conpraehenduntur.
1043 2476 1164 2539 Hacte·
1272 2521 1273 2548 2

221 2579 283 2622 nus
304 2561 372 2622 Ioel
393 2581 565 2641 personam
580 2561 699 2626 Christi
721 2564 878 2645 depinxit,
903 2565 991 2645 quod
1006 2565 1103 2627 homo
1131 2572 1166 2628 et
1271 2569 1273 2642 ζ

221 2649 301 2712 deus
336 2650 386 2713 sit.
441 2651 524 2714 Item
558 2651 714 2731 evangelii
747 2653 904 2716 illustrem
938 2653 1165 2716 definitionem
1271 2699 1273 2733 ,

221 2739 403 2820 proposuit,
439 2739 527 2820 quod
550 2741 593 2802 sit
626 2741 699 2804 talis
733 2740 894 2819 doctrina,
930 2762 1013 2822 quae
1047 2741 1169 2806 doceat

221 2847 313 2908 spem
336 2828 371 2890 in
393 2828 501 2891 deum.
547 2829 651 2892 Locus
674 2835 783 2892 autem
805 2851 957 2911 praesens
979 2830 1167 2911 complecti·

220 2922 274 2979 tur
302 2917 472 2980 articulum
502 2917 658 2998 symboli,
694 2918 789 2981 credo
818 2920 985 2990 ecclesiam
1015 2926 1168 2982 sanctam
1268 2931 1273 3000 j

221 3006 420 3084 catholicam,
438 3013 622 3070 sanctorum
636 3002 928 3071 communionem.²
971 3007 1055 3071 Dicit
1075 3008 1167 3072 Iern-
1271 3015 1273 3076 ,ἶ

221 3094 322 3156 salem
353 3100 498 3157 sanctam
532 3095 615 3172 fore,
651 3101 683 3159 et
717 3095 838 3159 alienos
872 3117 938 3160 non
971 3097 1168 3162 transituros
1272 3095 1273 3146 ἶ

221 3202 373 3261 peream
396 3184 544 3264 amplius.
590 3184 689 3246 Hunc
713 3185 892 3262 artiotdum,
917 3187 1000 3248 sicut
1020 3191 1053 3249 et
1067 3185 1169 3249 illum
1272 3197 1273 3206 ’

222 3269 262 3331 de
297 3271 460 3350 evangelio
501 3291 558 3334 seu
596 3273 783 3336 remissione
818 3279 1022 3354 peccatorum
1056 3267 1168 3338 totum

222 3359 398 3439 obruerunt
442 3361 600 3442 pontificii
645 3361 799 3425 doctores.
857 3362 1026 3435 Quomodo
1073 3363 1165 3426 enim

222 3447 373 3510 docerent
395 3455 540 3512 sanctam
556 3450 732 3528 ecclesiam,
757 3451 817 3532 qui'
830 3449 982 3514 dubitare
993 3451 1161 3514 hominem
1271 3457 1273 3512 ἔ

221 3537 348 3613 iubent,
381 3537 423 3600 sit
451 3559 492 3601 ne
519 3539 555 3600 in
577 3539 694 3618 gratia,
725 3540 776 3604 vel
798 3560 873 3604 non.
920 3539 1161 3622 Biasphemiam
1271 3547 1273 3636 i

312 3713 339 3781 1)
370 3714 444 3768 Ion:
480 3712 556 3766 Psel.
584 3712 627 3766 91.
663 3773 665 3777 ¹
700 3712 728 3780 2)
759 3715 832 3768 Ien:
878 3713 971 3768 Oredo
1010 3713 1157 3769 ecclesian
1271 3693 1273 3760 ἶ

222 3788 359 3838 sanctam.
1271 3805 1273 3820 ¹
