2584 4267
402 304 524 367 Johelia
547 306 732 387 prophatae.
973 308 1034 371 111

103 486 209 565 gentes
240 488 275 545 et
302 489 395 545 vocat
424 500 478 543 666
508 480 551 543 61
579 482 750 561 iudicium,
784 483 963 549 annunciat
990 486 1037 549 616

35 636 37 663 Ι
101 565 271 647 6666616,1
304 577 337 633 61
365 568 500 645 iudicat,
529 590 585 633 666
614 590 685 635 6666
712 572 897 650 damnatos,
934 580 1036 638 catan-

100 660 209 741 ditqua
233 658 400 723 Christum
422 659 568 723 66161616.
619 660 663 725 Et
690 660 752 725 hoc
775 661 978 739 factumest,
1002 664 1037 726 16

100 750 229 829 diesque
255 748 335 811 fita
362 748 417 811 die
444 766 510 828 quo
539 747 658 812 1616666
679 757 732 814 661
752 750 884 831 spiritua
907 759 1036 816 6666166

100 837 242 915 caelium,
280 836 321 901 16
354 856 420 917 quc
454 856 553 920 supra
585 837 670 902 dixit
697 839 733 903 in
762 840 892 921 6662,
927 842 1037 905 61616

35 984 37 1011 =
101 934 226 993 uocatae
263 925 305 989 ad
338 925 496 991 iudicium
529 933 705 1007 agnoscant
738 934 908 1010 peccatum
941 948 1037 994 suum

35 1014 37 1039 ⁵
100 1022 254 1097 orentque
277 1010 435 1081 veniam*
472 1014 725 1093 Omninccnim
747 1017 940 1082 vocabulum
966 1011 1036 1083 ’Jo-

100 1104 236 1187 aaphat‘s
266 1124 334 1169 non
363 1110 413 1179 661
441 1104 561 1168 numen
590 1104 846 1183 substantivum,
881 1106 938 1171 661
968 1128 1036 1189 pro·

101 1194 220 1275 prium,
257 1199 290 1257 et
319 1186 413 1274 ergc³
446 1191 591 1257 abutitur
624 1192 671 1257 616
699 1195 858 1277 propheta
884 1191 1033 1259 ncmine⁴

100 1282 224 1365 proprio
248 1288 283 1346 et
304 1281 382 1347 facit
404 1300 446 1345 ex
467 1300 505 1347 66
521 1281 770 1359 substantivum,
794 1284 878 1347 61661
892 1289 925 1360 61
939 1284 1036 1349 06666

100 1370 187 1447 iecit,
218 1369 352 1452 quando
381 1390 502 1435 nomen
525 1371 647 1435 Galaad
670 1372 808 1436 civitatis
835 1374 958 1454 6666611
979 1394 1037 1455 pro

101 1452 291 1541 synagoga.⁵
329 1453 481 1523 Summa⁶
508 1478 709 1525 summarum
723 1462 865 1543 loquitur
879 1462 1038 1544 propheta

102 1546 327 1623 devocatione
349 1548 498 1613 omnium
520 1550 667 1629 gentium
690 1570 749 1633 per
770 1551 973 1631 evangelium
995 1551 1037 1615 ad

103 1637 264 1701 ecclesiam
287 1635 349 1701 161.

336 1796 398 1898 Ι111
419 1831 606 1915 disceptabo
629 1853 706 1899 cum
727 1835 782 1898 616.

104 1952 108 1957 ’
183 1957 233 2020 De
263 1957 425 2039 praesenti
454 1958 540 2021 malo
569 1958 685 2023 transit
718 1957 760 2021 ad
793 1959 937 2022 futuram
970 1960 1036 2022 vin-
1218 1975 1253 2049 ’χὶ-

106 2042 281 2128 dictam,††
309 2067 341 2127 q.
365 2046 397 2110 d.
422 2045 493 2111 Erit
514 2046 703 2128 aliquando,
734 2046 795 2111 erit
822 2066 897 2110 cum
918 2048 1036 2112 iudiea—
1147 2086 1153 2090 -
1233 2064 1258 2141 ‘ga

104 2140 187 2198 turus
210 2154 296 2212 6666,
321 2140 393 2199 tum
415 2156 482 2199 666
503 2136 650 2213 evadent,
674 2130 890 2200 16116616666τ
917 2156 991 2201 aum
1005 2144 1038 2200 61

106 2240 168 2301 666,
198 2222 239 2305 111)
263 2222 588 2309 6116666166,
617 2233 657 2290 61
678 2226 819 2289 maxime
841 2225 908 2289 iam
930 2226 1036 2289 conni-
1067 2299 1069 2304 ,

104 2330 189 2375 ream
211 2312 255 2377 ad
278 2332 390 2377 eorum
411 2313 589 2377 immanem
604 2314 827 2379 crudelitatem
842 2334 906 2396 qua
928 2322 1037 2379 contra

104 2403 255 2483 66661661
278 2422 390 2466 meum
412 2411 596 2484 6666666166
618 2411 652 2469 61
673 2405 795 2469 furunt.
832 2404 910 2472 Ideo
932 2411 1037 2468 totum

105 2508 271 2563 numerum
293 2492 440 2573 gentium
462 2493 663 2557 6161661666
689 2495 884 2576 popularum
910 2494 1035 2576 accipit,

105 2584 142 2729 {te
153 2584 262 2643 tamen
283 2580 383 2645 etiam
405 2572 531 2663 6611616
545 2582 635 2644 illam
650 2582 903 2647 adversariorum
924 2583 1037 2665 populi

142 2667 153 2729 i
172 2667 332 2749 intelligit.

187 2861 213 2929 ⁸>
232 2860 382 2930 Siquidem
401 2859 535 2917 carinus
553 2861 606 2931 ait,
632 2862 752 2931 spiritua
774 2867 877 2929 arguat
894 2863 1036 2917 mundum

110 2928 142 2983 de
158 2938 281 3002 6666616,
300 2931 412 2987 iustitia
429 2936 459 2987 61
476 2930 591 3007 iudicio.¹

187 3127 215 3196 1)
234 3132 382 3183 terrorem.
430 3128 458 3197 2)
476 3128 596 3182 *avim
639 3128 669 3196 3)
692 3144 749 3197 que
774 3134 875 3185 tamen
900 3128 1035 3184 abutitur.

109 3192 242 3262 4116666
261 3199 380 3255 nornine
397 3199 514 3269 proprio
533 3229 565 3239 -—
585 3200 806 3257 substantivum.
836 3200 965 3269 legitur:
984 3218 1037 3270 pro

110 3266 312 3326 substantivo?
363 3270 381 3325 5
420 3271 556 3325 Additur:
594 3272 740 3337 Significat
769 3277 866 3327 autem
895 3272 1037 3343 Joaaphat

36 3364 38 3385 ι
110 3338 206 3395 veliem
234 3340 353 3408 iudicii;⁴
437 3342 517 3396 idem
546 3346 591 3397 661
621 3343 699 3410 quod
727 3342 799 3397 dicit
828 3343 962 3399 (11616166
991 3345 1036 3399 Je-

156 3428 188 3465 6.
200 3412 294 3466 xvi:
314 3412 438 3482 Spiritus
457 3417 574 3468 6666166
592 3417 691 3479 arguet
708 3414 850 3469 mundum
867 3416 904 3470 16
921 3420 1037 3484 6666616

37 3528 38 3561 ἶ
190 3482 217 3553 6)
245 3484 342 3539 deest:
369 3484 486 3539 Summa
505 3485 706 3553 -666611616,
742 3485 871 3553 Legitur:
897 3487 1037 3554 Loquitur

37 3570 39 3603 1
156 3568 197 3608 ern
213 3556 356 3624 propheta
374 3571 437 3625 sqq.
453 3616 454 3619 Ἴ
475 3555 616 3624 616666
635 3555 813 3611 iudicaturum
832 3586 865 3596 -
882 3559 970 3626 fluum.

160 3662 315 3675 -n--a——n

190 3714 425 3784 1)]61166661161.
453 3714 501 3783 ††)
521 3716 705 3772 comminatio
716 3717 869 3773 vindictae.
895 3713 962 3782 †††)
975 3729 1036 3768 666-

156 3798 217 3849 gara
234 3787 267 3841 in
285 3787 390 3842 vallem
407 3786 527 3841 iudicii·
