2584 4267
226 257 291 322 438
552 257 657 340 Caput
679 259 833 340 quintum

344 434 515 510 Quomodo
537 434 566 498 si
588 435 693 516 fugiat
715 435 764 497 vir
786 455 806 497 e
827 435 911 498 facie
932 437 1045 500 leonis.

313 543 385 605 Iam
407 541 644 619 comminatur-t
670 539 868 604 horrendum
895 542 1064 606 interitum
1092 565 1166 607 con·
1237 556 1244 625 ¹,

225 631 438 713 temptoribus
459 626 561 707 istis*
582 651 614 711 q.
632 629 681 692 d:
704 624 803 711 Age‚¹
830 633 1027 695 contemnite
1041 633 1167 713 egregie

225 721 360 783 verbum
382 719 516 796 domini,
540 719 644 782 securi
666 719 753 795 estis,
777 719 901 800 putatis
919 740 986 783 non
1009 721 1164 798 futurum,

225 815 262 873 ut
283 808 435 873 incidatis
456 807 492 870 in
514 808 662 870 futurum
684 806 824 884 malum,
854 807 912 871 sed
940 806 1165 892 edeo'impos·

225 898 318 960 sibile
340 898 410 974 crit,
433 897 514 978 quin
529 897 678 978 pereatis,
701 903 740 960 ut
753 897 955 978 impossibile
970 904 1020 962 est
1033 899 1167 962 evadere

225 1005 310 1062 eum,
334 987 393 1067 qui
414 985 542 1066 fugiens
563 986 692 1048 leonem
714 986 751 1048 in
772 999 885 1049 ursum
906 986 1030 1050 incidit.
1075 987 1168 1050 Adeo

225 1092 292 1138 non
314 1074 459 1157 poteritis
482 1073 625 1152 evadere,
653 1080 692 1138 ut
713 1073 794 1138 dum
816 1073 994 1152 confidotis‚
1018 1095 1075 1141 vos
1098 1097 1166 1141 ers-

225 1183 316 1227 suros
339 1183 423 1240 esse,
446 1165 482 1226 in
505 1157 669 1226 medium²
695 1163 819 1226 mulum
841 1165 1028 1241 incurretis3
1054 1165 1168 1228 tollam

224 1269 322 1316 omne
350 1249 549 1335 praesidium
575 1258 721 1316 vestrum
748 1258 808 1316 cte.
855 1253 906 1316 Ite
938 1253 1038 1316 hodie
1065 1254 1168 1317 nostri
1210 1305 1217 1314 .

225 1335 413 1418 sacrifices,³
443 1342 615 1423 principes,
640 1336 718 1404 *iad
740 1360 824 1421 quos
846 1339 1047 1423 confugiunt,
1077 1341 1166 1405 habi-

224 1430 290 1492 turi
312 1436 389 1494 sunt
410 1430 568 1494 inimicos.
615 1429 791 1510 Egregium
819 1429 941 1493 scilieet
967 1432 1165 1512 praesidium

139 1550 141 1553 -
225 1525 386 1598 quaonmt
407 1525 518 1582 contra
539 1517 649 1595 deum,
673 1505 935 1599 quem'fugiunt.

384 1695 447 1760 Odi
468 1702 502 1760 et
523 1695 643 1780 proieci
665 1696 856 1762 festivitates
878 1702 1008 1760 vestras.

313 1802 377 1866 Hic
397 1795 517 1867 iterum
538 1804 628 1868 velut
649 1823 708 1886 per
728 1803 973 1884 occupationem
994 1803 1168 1886 respondet

225 1890 281 1968 eis,
304 1892 382 1972 quia
403 1891 493 1956 haud
515 1892 613 1955 dubie
636 1893 761 1956 cultum
782 1891 929 1970 illumi-t
957 1910 1056 1973 quem
1077 1893 1166 1957 insti-

224 1987 361 2058 tuerant,
386 1975 457 2044 dei4
483 1981 619 2044 maximi
641 1974 816 2057 fecerunt,⁶
843 1979 904 2044 deo
919 1986 1075 2069 putarunt
1099 2001 1167 2044 esse

228 2069 463 2149 gratissimum,
495 2070 627 2150 quando
656 2063 777 2133 multo⁶
805 2070 981 2147 canebant,
1013 2071 1166 2137 sacrifica-

226 2157 319 2235 bent,
358 2152 497 2240 temple⁷
539 2178 660 2239 magna
697 2164 942 2223 consenuerant
980 2165 1038 2222 etc.
1101 2160 1167 2222 Ista

222 2247 336 2323 ‘omnia
370 2247 556 2311 obicccnmt
588 2247 772 2329 prophetis,
811 2248 896 2310 sicut
930 2247 1028 2311 hodio
1064 2247 1167 2311 nostri

228 2333 323 2416 impii
337 2335 432 2398 nobis
446 2333 604 2398 obiiciunt
618 2342 769 2417 sumptus
783 2336 988 2418 templorum,
999 2330 1163 2420 ‚canum

229 2421 414 2502 Respondet
435 2424 609 2504 propheto:
637 2425 729 2488 Haeo
758 2425 868 2488 omnia
896 2424 951 2487 odi
981 2431 1014 2488 et
1035 2425 1164 2506 proieci,

227 2509 399 2591 displicent
427 2511 510 2574 mihi
539 2511 637 2575 etiam
665 2513 869 2578 sanctissima
898 2533 1058 2593 quaeque,
1091 2514 1167 2594 quia

225 2597 320 2681 impii
342 2597 418 2663 estis
441 2605 474 2666 et
495 2599 597 2682 impio
620 2600 714 2665 corde
737 2600 848 2666 omnis
870 2598 1041 2665 facitis?liii
1072 2602 1167 2665 Idem

223 2688 446 2770 copiosissime
473 2681 640 2755 uidemus⁹
673 2691 747 2754 lise.
773 2690 867 2771 1.)-)-)
917 2690 970 2753 Sic
997 2691 1034 2754 in
1060 2697 1167 2755 totum
1238 2706 1243 2715 ·

226 2778 361 2842 damnat
383 2779 541 2862 scriptura
563 2786 596 2843 et
617 2779 750 2862 spiritus
768 2781 805 2845 in
819 2780 986 2863 scriptino,
1010 2778 1166 2862 quicquid
1239 2813 1244 2825 ·

317 2951 342 3022 *)
362 2954 494 3008 Timeent
524 2953 580 3009 sibi
610 2953 710 3009 hostes
740 2955 889 3020 evangelii.
944 2953 986 3023 “)
1012 2954 1121 3022 Incipit
1137 2969 1164 3022 p.

226 3023 346 3078 LXVII.
356 3023 451 3079 Msoi.
471 3024 528 3093 m)
541 3025 684 3094 Quicquid
696 3041 756 3080 non
768 3029 814 3080 est
825 3041 863 3079 ex
881 3026 938 3080 fido
949 3028 1101 3094 peccatum
1112 3028 1164 3079 cst.

316 3219 344 3288 1)
363 3220 460 3275 deese
486 3236 545 3288 age.
588 3221 617 3290 2)
637 3220 776 3274 Aenum
802 3194 932 3274 meorum
955 3226 986 3275 et
1009 3219 1164 3288 geminum.
1238 3184 1242 3193 '

225 3291 255 3360 3)
278 3290 421 3359 Popistse.
466 3290 495 3360 4)
519 3292 588 3346 Deo.
632 3291 661 3360 5)
684 3307 717 3346 ae
739 3291 802 3346 deo.
845 3290 874 3360 6)
898 3291 1041 3346 canebant
1064 3290 1164 3344 multe
1238 3292 1240 3303 '

227 3361 255 3431 7)
275 3361 370 3416 deest:
395 3363 505 3431 temple
529 3379 634 3430 magna
652 3364 872 3417 construxerant
889 3366 943 3417 etc.
979 3361 1009 3431 8)
1027 3361 1153 3415 Additur

226 3450 265 3488 an
281 3432 381 3489 omnis
397 3434 455 3488 ista
479 3435 588 3502 putetis
611 3435 719 3489 frustra
737 3434 820 3490 esse?
856 3433 886 3502 9)
905 3434 998 3489 deestz
1023 3432 1149 3488 videmur

314 3593 344 3662 †)
363 3594 436 3648 Ion:
455 3593 608 3648 Horrenda
625 3593 818 3649 commimtio.
845 3593 951 3648 vuiti:
971 3589 1153 3648 comminatio

225 3664 274 3732 ἢ)
293 3666 366 3719 Ien:
385 3663 565 3720 Iactantibus
578 3679 646 3719 suos
659 3665 762 3735 cultus,
780 3664 938 3732 respondet
952 3664 1077 3718 abiectos
1089 3673 1153 3715 esse

226 3734 332 3789 vuiti:
353 3735 411 3790 Our
428 3737 523 3790 cultus
541 3736 673 3792 mandeti
690 3735 862 3804 displiceant
878 3736 941 3791 deo.
975 3735 1041 3802 ffl)
1058 3733 1144 3788 Est?
