2584 4267
245 315 308 382 aso
583 311 844 394 capularem

151 520 158 528 ·
288 491 396 553 sieut
422 488 529 553 d1x1
556 489 755 565 dominus,
784 494 824 554 et
850 487 1063 568 reliquus
1081 505 1190 568 quas

288 584 404 643 vocat
425 578 619 645 dominus

338 699 448 766 ¹Dixit
473 702 630 785 propheta
653 702 694 765 de
720 700 866 765 horribili
888 699 956 777 (111,
987 700 1024 762 in
1048 719 1115 780 qua
1135 699 1189 762 ira

244 793 296 855 dei
312 786 510 856 revelabitur
532 791 572 854 de
595 791 682 855 coelo
705 811 802 873 super
824 809 954 853 omnem
968 789 1184 870 impietatem.

243 882 307 946 Hic
330 887 439 944 autem
461 881 622 962 promittit
645 879 870 944 liberationem
898 898 955 942 seu
986 875 1275 962 evasionem,

244 991 310 1033 non
333 971 545 1052 corporalem,
575 968 632 1034 sed
662 969 704 1032 ab
726 969 783 1032 1111
805 974 933 1032 aeterna
954 961 1032 1030 111.2
1083 967 1187 1030 Voea-

243 1059 358 1122 bulum
391 1059 490 1122 malet
522 1055 702 1121 admodum
739 1057 925 1138 significans
959 1053 1025 1134 111,
1054 1055 1188 1124 Paulus

244 1147 379 1229 exponit
405 1168 465 1230 per
494 1125 640 1211 salvandi
667 1147 819 1226 verbum,
854 1141 1075 1209 Romanorum
1110 1139 1184 1208 10.3

244 1236 387 1300 includit
420 1241 530 1300 autem
561 1233 741 1318 periculum
771 1255 923 1318 praesens
952 1240 984 1297 et
1013 1241 1186 1314 magnum.
1273 1235 1275 1316 5

245 1324 334 1388 Sicut
367 1326 456 1388 enim
489 1336 564 1388 cum
598 1325 666 1388 1111
700 1324 883 1401 dimicatis,
918 1329 951 1386 et
983 1323 1086 1402 victor
1120 1323 1187 1386 late
1272 1327 1275 1410 5

244 1421 406 1493 grassatur
439 1414 539 1491 ferro,
573 1413 611 1476 in
642 1419 736 1476 tanto
770 1411 956 1476 discrimine
986 1411 1045 1492 qui
1074 1412 1187 1482 evadit

244 1502 362 1564 dieitur
394 1500 554 1565 hanimlat
585 1503 732 1566 Psalmus
768 1497 862 1566 124!
898 1501 1008 1565 utitur·
1034 1499 1185 1564 similitu·
1273 1513 1275 1566 1

244 1591 319 1652 dine
365 1591 525 1668 aviculae,
571 1611 654 1671 quae
698 1598 825 1673 praeter
862 1591 1059 1673 opinionem¹
1087 1597 1186 1674 rupto
1273 1599 1275 1628 ³

242 1679 357 1760 laqueo
392 1680 519 1762 aufugit
532 1687 577 1744 'et
599 1681 749 1758 salvatur,
780 1699 818 1743 ea
849 1681 918 1745 avis
947 1678 1047 1742 etiam
1075 1679 1186 1761 appel·
1273 1703 1275 1756 ,

242 1770 329 1833 latur
349 1769 509 1833 hanimlat
530 1764 624 1850 quasi
646 1767 751 1846 dieas,
768 1768 932 1846 evadens,
956 1769 1081 1850 crepta,
1107 1769 1186 1830 libe·
1273 1785 1275 1816 2

244 1864 322 1934 rata,
345 1859 397 1922 bis
419 1859 508 1921 enim
529 1859 591 1922 hoc
613 1859 710 1924 verbo
732 1857 880 1922 Psalmus
901 1855 1013 1920 utitur.
1048 1857 1186 1920 1111111

244 1948 280 2008 in
306 1947 376 2011 loco
402 1942 573 2030 propheta,
604 1955 690 2010 cum·
706 1946 786 2034 dicit
819 1945 1003 2022 salvabitur,
1031 1946 1186 2032 proponit
1274 1945 1275 1978 ³

245 2056 416 2098 commune
445 2037 592 2100 omnium
620 2035 809 2119 periculum.
859 2035 975 2116 Arguit
1002 2035 1091 2098 enim
1122 2035 1186 2116 spi·
1274 2071 1275 2074 =

244 2125 325 2188 ritus
348 2130 478 2188 sanctus
500 2125 662 2188 mundum
685 2122 734 2187 de
747 2131 888 2206 peccato.
934 2123 981 2196 ut,
1004 2131 1042 2187 ut
1063 2123 1186 2187 Paulus
1205 2177 1207 2181 ,
1273 2187 1275 2196 ⁴

244 2208 386 2293 inquit‚⁵
419 2214 538 2278 revelat
524 2221 577 2278 tur
597 2215 647 2277 ira
667 2213 722 2276 'dei
745 2214 785 2276 de
808 2215 896 2277 coelo
919 2219 1030 2278 contra
1051 2231 1187 2276 omnem
1273 2271 1275 2278 ⁴

244 2303 447 2382 impietatem
477 2308 510 2365 et
535 2302 731 2374 iniustitiam
753 2304 926 2366 hominum
948 2303 1158 2453 veritatem
1147 2323 1187 2364 m
1274 2295 1275 2352 Ῠ

244 2390 404 2452 iniustitia
435 2389 662 2455 detinentium.
708 2391 894 2455 attamen
920 2389 1082 2473 promittit
1113 2411 1185 2475 pro
1272 2425 1275 2468 3

244 2479 343 2560 pheta
365 2478 583 2555 futurumut
569 2479 740 2572 tquidam
761 2479 824 2545 hoo
838 2479 1019 2573 perieulum
1034 2477 1187 2542 aeternae
1273 2513 1275 2552 ς

244 2565 463 2631 damnationis
500 2566 694 2649 effugiant
691 2575 726 2632 et
712 2569 954 2634 tsalventur
938 2577 1042 2664 per
1057 2569 1186 2634 invoca

244 2655 376 2718 tionem
491 2684 493 2687 ·

332 2743 452 2826 Magna
479 2766 556 2809 sane
586 2747 744 2834 promisso
770 2765 864 2829 quae
884 2747 1023 2810 excitare
1058 2747 1189 2810 animos

244 2836 369 2898 nostros
392 2833 434 2898 ad
456 2833 594 2916 diligens
617 2825 774 2912 studium
786 2836 932 2900 debebat
978 2829 1067 2910 Quid
1094 2835 1187 2900 enim

243 2929 320 2991 sunt
343 2918 441 3011 aliae,
464 2926 516 2989 vel
539 2929 661 3002 artes,
663 2917 889 2990 1111111111111
911 2923 953 2988 ad
976 2925 1074 3002 hanc,
1100 2943 1187 3006 quae

243 3013 337 3077 docet
355 3006 543 3077 evasionem
565 3032 607 3076 ex
621 2975 762 3081 aeterna
780 3020 882 3077 morte
906 3020 938 3077 et
960 3013 1082 3077 iudicio
1106 3012 1188 3076 dei‘?
1273 3055 1274 3058 =

243 3102 304 3163 Vel
326 3100 369 3164 ad
391 3101 682 3180 existimationem,
698 3103 749 3166 vel
771 3103 814 3166 ad
837 3119 913 3189 opes
937 3101 1186 3184 comparandas,

244 3190 388 3252 ethano
418 3192 614 3278 corporalem
640 3193 744 3255 vitam
771 3192 972 3262 commodius
1000 3185 1187 3271 degendam

244 3277 368 3340 faciunt
397 3279 487 3342 aliae
542 3274 605 3345 Sed
631 3276 713 3346 haec
739 3287 869 3344 aeterna
895 3275 982 3363 bon'a
1011 3281 1120 3358 affert,
1152 3285 1189 3343 et

244 3366 311 3429 sola
336 3367 423 3430 hano
450 3367 567 3432 vitam
564 3365 704 3450 alioqui
733 3370 881 3456 acerbam
912 3376 945 3432 et
966 3330 1183 3451 periculorum

243 3456 466 3538 plenissimam
499 3457 677 3520 iucundam
711 3457 798 3522 facit.
844 3459 942 3534 Quid
961 3459 1054 3522 ‘enim
1085 3456 1174 3522 obiie:

333 3647 359 3716 Ῑ)
388 3649 461 3703 len:
491 3649 638 3703 Promittit
668 3648 867 3704 liberationem
903 3650 940 3704 ab
976 3651 1174 3706 1111111111
1273 3633 1275 3654 ³

243 3717 271 3856 ἐξ
290 3719 419 3844 {erbum
429 3719 571 3777 salvandi.
599 3719 721 3788 3)1en.:
740 3721 821 3776 Rom.
836 3720 860 3776 8.
887 3719 917 3790 4>
936 3722 1012 3778 Ien.³:
1030 3723 1107 3778 Paal.
1121 3721 1172 3775 124
1273 3729 1275 3782 1

317 3807 416 3845 om..
848 3841 858 3846 .,
972 3843 973 3846 ,
1032 3841 1034 3845 .
1273 3829 1275 3836 ·
