2584 4267
422 304 521 369 Joelis
544 308 728 388 prophetae.
980 308 1044 373 163

105 502 207 549 ooena
231 489 299 547 tam
321 482 490 547 verbosam
513 482 692 551 orationem
718 502 776 564 pro
803 498 838 545 se
861 490 894 547 et
915 484 1049 549 eeclesia

107 572 277 635 instituit?
328 571 514 635 Statuamus
548 570 647 651 igitur
684 571 934 646 invocationem!
958 573 1048 636 illam

63 689 68 698 ·
107 660 314 736 mandatam,
349 679 431 741 quae
466 679 520 723 ore
554 661 606 736 fit,
641 679 701 728 neo
735 673 841 724 carere
875 667 960 726 oerto
990 681 1048 725 suo

108 749 229 825 fructu,
262 768 337 813 oum
366 748 521 813 mandata
551 755 584 813 et
611 748 654 811 ab
683 748 756 830 ipso
783 748 837 811 dei
863 749 930 813 filio
959 768 1047 813 usur-

107 843 182 919 pata
205 838 260 901 sit.
478 899 480 905 ,
923 904 927 913 ,

196 926 317 990 Contra
349 925 421 1001 alii,
458 925 536 1006 quia
569 925 812 1005 multiloquium
847 925 1049 1008 prohibitum

108 1021 163 1090 est,
187 1020 361 1095 peecatum
390 1032 459 1079 esse
482 1019 613 1095 putant,
645 1014 674 1077 si
702 1014 849 1097 pluribus
879 1015 984 1079 verbis
1014 1015 1049 1077 in

108 1102 255 1167 oratione
277 1108 418 1167 utantrn.
465 1101 529 1165 Sed
551 1102 587 1164 hi
610 1122 678 1171 non
707 1104 893 1184 intelligrmt
918 1120 1050 1166 oausam

108 1210 162 1255 our
183 1190 554 1271 battologiam'damnet
576 1187 751 1255 Christus¹
793 1193 876 1255 Vere
899 1192 997 1268 enim,
1021 1192 1050 1254 si

108 1298 175 1343 rem
197 1280 368 1357 aestimes,
399 1300 466 1343 non
488 1278 899 1361 prolixitatemorationis,
923 1278 981 1343 sed
1003 1279 1049 1342 in·

108 1368 301 1433 fidelitatem
329 1366 472 1431 damnat.
519 1368 584 1442 Qui
613 1368 702 1431 enim
731 1368 804 1432 ideo
824 1375 963 1444 ,utuntur
984 1368 1049 1432 lon-

108 1456 192 1537 giore
209 1457 365 1533 oratione,
383 1457 477 1537 quasi
491 1456 572 1519 deus
587 1463 644 1521 aut
658 1476 790 1528 oausam
804 1478 872 1521 non
881 1456 1049 1537 intelligat,

63 1615 68 1624 ,
109 1551 268 1626 tanquam
303 1546 473 1627 imperitus
506 1545 621 1623 iudex,
657 1552 715 1610 aut
748 1566 815 1609 non
843 1566 902 1609 sua
935 1553 1050 1627 sponte

109 1634 264 1697 exaudire
285 1634 371 1711 velit,
396 1634 460 1697 nisi
482 1634 579 1714 longa
596 1634 743 1698 'oratione
759 1635 852 1715 quasi
866 1634 1051 1715 impellatur

110 1730 142 1787 et
162 1723 334 1798 excitetur,
357 1722 393 1787 hi
414 1729 559 1805 peceant.
606 1722 751 1787 Statuere
774 1724 863 1785 enim
885 1729 1050 1802 utrunque

111 1811 209 1873 animi
241 1810 375 1888 debent,
411 1812 555 1893 primum
585 1812 673 1893 quod
702 1811 755 1892 (ut
781 1811 927 1874 Christus
957 1810 1049 1887 dieit)

108 1905 198 1980 pater
220 1906 333 1963 noster
347 1899 383 1963 in
398 1900 495 1964 coelis
510 1899 604 1977 norit,
629 1900 749 1981 quibus
763 1900 942 1963 habeamus
957 1917 1049 1980 opus.

111 1987 236 2065 deinde,
264 1988 351 2068 quod
373 1996 487 2071 sponte
510 1995 543 2053 et
557 1990 667 2054 volens
691 1988 842 2053 exaudire
857 1988 943 2063 velit,
967 1987 1052 2053 sicut

112 2075 187 2141 dieit
211 2076 361 2141 OhrIstus
383 2079 488 2141 Lucae
513 2072 592 2141 11²:
624 2078 659 2141 Si
681 2098 752 2155 vos,
781 2076 845 2159 qui,
860 2077 940 2139 mali
962 2076 1049 2153 estis,

112 2166 246 2229 novistis
270 2165 356 2229 bona
377 2165 463 2230 dona
477 2166 553 2229 dare
568 2166 643 2229 filiis
662 2167 785 2243 vestris,
810 2172 932 2248 quanto
947 2165 1050 2246 magis

112 2260 207 2335 pater,
239 2253 362 2334 quiex
389 2256 478 2318 eoelo
505 2260 569 2331 est,
599 2254 692 2319 dabit
720 2261 869 2320 sanctum
898 2255 1049 2337 spiritum

111 2360 144 2408 se
176 2342 390 2424 petentibus?
434 2343 606 2423 Negligens
640 2351 674 2407 et
702 2343 801 2407 durus
835 2343 935 2407 iudex
968 2362 1050 2425 opus

113 2430 207 2495 habet
229 2433 329 2513 longa
351 2431 571 2509 instructione,
594 2438 632 2496 ut
647 2449 778 2497 oausam
793 2432 906 2511 dissat,
930 2439 963 2497 et
984 2451 1051 2496 non

113 2520 220 2584 statim
245 2519 288 2583 ad
317 2520 461 2603 primum
482 2521 618 2585 verbum
644 2522 793 2598 flectitur,
823 2522 912 2598 talis,
942 2520 1052 2601 inquit

112 2607 275 2685 Christus,
299 2616 392 2691 pater
413 2610 559 2674 eoelestis
582 2618 730 2675 nonest.
776 2610 880 2691 Igitur
895 2608 1049 2683 'sufficiet

115 2696 141 2759 si
171 2698 287 2780 paucis
321 2718 464 2780 exponas
498 2697 579 2779 quid
613 2697 709 2775 velis,
744 2699 836 2763 norit
869 2697 957 2761 enim
990 2697 1051 2760 hoo

116 2785 304 2867 priusquam
326 2792 364 2851 tu
385 2806 472 2863 ores,
503 2793 536 2850 et
562 2786 640 2867 quia
666 2787 847 2851 misericors
874 2791 936 2862 est,
967 2786 1052 2849 ultro

115 2874 203 2955 eupit
249 2874 335 2938 dare.
399 2876 495 2938 Hanc
532 2874 717 2957 sapientiae
747 2882 780 2940 et
815 2872 1052 2954 miserioordiae

116 2960 254 3040 leudem,
278 2963 337 3044 qui
359 2963 419 3029 deo
442 2984 509 3027 non
531 2964 688 3041 tribuunt,
712 2970 746 3028 et
766 2963 840 3027 ideo
862 2981 938 3025 eum
961 2967 1053 3024 orant

117 3047 195 3114 bene
217 3051 338 3133 prolixi
361 3059 453 3129 sunt,
483 3072 551 3117 non
577 3059 663 3119 reete
690 3059 793 3118 orant.
824 3051 923 3115 ‘Sunt
943 3056 1054 3124 autem

118 3138 179 3203 tere
202 3140 283 3205 tales
305 3140 464 3205 orationes
486 3142 739 3218 montanorum,¹
752 3141 789 3204 in
803 3140 921 3221 quibus
941 3138 1052 3221 ampli-

115 3225 252 3292 fieantur
279 3249 345 3293 non
371 3229 601 3311 promissiones
630 3229 698 3307 dei,
729 3230 816 3311 quod
844 3249 918 3293 oum
946 3229 1054 3293 fructu

119 3314 213 3393 fieret,
238 3316 296 3385 sed
319 3318 477 3382 crusiatus
501 3318 620 3383 Christi
644 3318 681 3381 in
702 3336 795 3383 ornae
817 3325 850 3382 et
872 3318 1002 3381 similia.

208 3400 387 3487 ⁸Propheta
409 3405 543 3487 quidem
564 3407 626 3471 hoo
647 3406 685 3471 in
710 3407 780 3472 loeo
808 3407 886 3473 satis
905 3407 1054 3489 prolixus

157 3498 173 3568 t,
197 3493 256 3557 sed
277 3514 344 3559 non
367 3501 404 3559 ut
426 3495 541 3559 doceat
554 3494 663 3572 deum,
687 3516 754 3559 non
772 3502 810 3561 ut
823 3495 942 3579 cogitet
956 3495 1055 3559 deum

206 3704 233 3771 1)
252 3663 652 3773 mneranunnorasons
664 3704 911 3775 curprohibitum.
938 3702 967 3769 a)
980 3703 1053 3759 rea:

163 3789 184 3829 c.
205 3775 247 3829 11.
283 3774 312 3843 3)
331 3776 464 3832 Prolixae
482 3777 626 3833 orationes
644 3777 766 3847 piorum
844 3861 893 3918 ss.
