2584 4267
40 10 231 381 Γ
465 300 701 401 Prolegomena.
988 324 1049 387 131

40 402 44 469 l

40 474 45 659 l

194 500 356 563 Nimirum
367 499 436 580 ipse
449 506 481 562 et
493 499 678 580 aptissimus
691 500 915 579 sagacissimus
927 520 965 564 ac
977 501 1051 564 dex·

120 590 261 653 terrimus
273 588 345 665 tuit,
363 588 420 668 qui
431 589 515 650 tanti
529 589 687 651 momenti
701 595 853 653 conatum
868 590 1052 654 felicissime
1091 613 1094 619 ·

121 678 299 742 absolveret.
347 676 409 739 Sed
439 677 531 741 certis
560 696 667 757 neque
700 677 812 757 paucis
845 678 924 742 locis
958 698 1051 742 suam

121 766 296 848 explicandi
319 784 356 827 ac
383 764 575 830 coniiciendi
603 766 761 829 rationem
783 773 853 830 tam
880 774 989 848 aperto
1020 774 1053 831 et

121 855 277 919 interdum
298 855 410 935 inepto
430 854 529 917 modo
551 854 677 931 iniecit,
705 860 744 917 ut
766 854 916 920 facillime
940 856 1049 919 docea-

122 964 196 1020 mur,
227 963 286 1007 sua
314 943 395 1005 haec
424 963 491 1006 non
513 944 646 1006 Lutheri
676 962 744 1005 esse
774 949 964 1009 commenta.
1010 945 1052 1008 In
1157 1014 1160 1018 ,

121 1034 190 1109 hoc,
213 1039 252 1095 ut
274 1030 338 1094 due
360 1032 586 1101 tantummodo
609 1032 758 1113 exempla
781 1030 925 1109 afferam}
950 1034 1052 1097 nostri

121 1122 188 1183 libri
221 1126 374 1185 contextu
406 1121 537 1200 legitur:
579 1122 684 1196 ‚Anno
718 1120 843 1186 domini
879 1122 974 1185 1544.
1008 1123 1051 1186 lo-

48 1234 53 1263 a
123 1217 222 1276 custae
255 1211 446 1289 ingruerunt
479 1229 516 1271 ac
548 1210 643 1290 longe
676 1210 804 1290 lateque
838 1209 1051 1291 depopulatae

124 1306 192 1361 sunt
214 1318 314 1378 agros,
339 1318 376 1361 ao
399 1298 560 1378 superiore
576 1318 671 1374 anno,
695 1299 757 1361 boc
779 1305 829 1361 cst
843 1299 896 1361 46.
913 1300 1053 1363 finitima

123 1387 225 1449 Italiae
258 1388 343 1451 loca*
362 1386 412 1449 ad·
434 1387 623 1450 Tridentum
659 1393 691 1449 ct
724 1387 881 1452 Saxouiae
914 1394 1050 1468 partem,

124 1492 199 1554 quae
220 1476 365 1539 Silesiam
388 1475 526 1555 attingit,
550 1496 668 1555 magno
690 1496 824 1539 numero
846 1476 1050 1553 infestarunt,

53 1627 58 1642 ,
125 1584 156 1626 ac
176 1584 276 1645 usque
299 1565 341 1626 ad
355 1565 480 1645 regium
495 1571 640 1627 montem
656 1565 852 1631 mancorum
866 1585 1051 1646 progressae

125 1656 211 1715 sunt‘
256 1654 299 1716 Et
321 1654 381 1716 sub
404 1654 504 1715 finem
526 1654 631 1734 operis
653 1653 738 1717 inter
759 1654 951 1736 principales
981 1674 1049 1736 pro·

125 1740 230 1821 phetae
255 1742 341 1805 locos
370 1742 635 1822 investigabimus
664 1743 775 1806 verba:
812 1742 909 1818 ‚Hinc
942 1743 1051 1822 poeni-

126 1830 233 1893 tentiae
270 1829 491 1895 definitionem
530 1850 655 1893 sumere
688 1830 846 1894 deberent
883 1830 1052 1911 Sophistae

126 1918 330 1983 inuenienses
364 1926 397 1983 et
430 1920 686 1983 conciliabulum
719 1917 945 1981 Tridentinum
979 1923 1049 1982 etc‘

127 2007 289 2071 Mirum‘in
311 2008 447 2072 modum
470 2014 502 2071 et
524 2008 662 2071 editores
684 2013 717 2072 et
737 2007 987 2089 historiographi
1017 2028 1051 2071 se

128 2100 273 2160 torserunt
295 2096 335 2159 de
358 2098 410 2167 his
432 2098 501 2159 Viti
523 2096 779 2178 expositionibus
801 2096 891 2177 operi
911 2096 1049 2173 insertis,

129 2185 194 2262 quia
219 2186 317 2249 totius
347 2186 451 2266 operis
480 2186 660 2250 Lutherum
693 2191 857 2250 auctorem
890 2184 1050 2247 existima·

129 2280 236 2337 verunt.
271 2274 369 2338 Vitus
382 2274 563 2339 Ludovicus
586 2294 606 2337 a
620 2272 819 2337 Seckendorf
831 2272 1050 2340 nobilissimus

130 2380 221 2425 rerum
243 2364 528 2427 ecclesiasticarum
550 2352 625 2426 'aevi
647 2362 824 2425 Lutherani
852 2362 987 2443 scriptor
1015 2362 1051 2424 in

129 2449 263 2514 historiae
302 2472 385 2523 ¹suae
422 2452 661 2517 butherauismi
697 2451 779 2515 libro
812 2450 871 2513 ΙΠ.
917 2453 939 2531 ξ
976 2452 1049 2513 138.

130 2557 155 2617 p.
176 2541 234 2603 666
257 2560 328 2621 sqq.
359 2558 459 2620 quam
488 2540 629 2603 maxime
659 2540 695 2603 in
720 2540 791 2603 loco
818 2540 922 2621 priore
945 2537 987 2601 de
1007 2540 1050 2602 lo-

131 2628 212 2691 custis
234 2649 321 2693 anno
336 2630 451 2692 XLVI.
475 2630 510 2693 in
526 2629 735 2695 Germaniam
749 2628 900 2707 ingressis
916 2626 1052 2692 offendit

130 2720 156 2777 et
183 2736 261 2797 quae
294 2724 345 2781 est
378 2718 447 2781 eius
473 2718 535 2781 hac
563 2718 599 2779 in
628 2737 663 2779 re
692 2717 923 2781 absurdissima
947 2717 1050 2779 immo

130 2801 213 2867 ferme
248 2806 381 2888 puerilis
419 2806 538 2869 fiducia
575 2806 761 2871 authentice
797 2805 904 2886 operis
949 2804 1051 2867 nostri

130 2889 312 2959 Lutheranae
350 2893 484 2958 ridicule
522 2894 682 2975 opinatur,
721 2912 859 2955 errorem
896 2892 977 2956 anni
1009 2911 1050 2953 ex

130 2984 280 3047 securitate
302 2984 354 3049 vel
382 2983 513 3047 editoris
535 2983 587 3047 vel
616 2981 810 3065 typographi
839 2979 1047 3060 subrepsisse.

128 3067 180 3133 Hic
191 3072 288 3137 babes
304 3072 392 3135 illius
407 3071 645 3153 syllogismum:
666 3072 844 3134 Lutherum
859 3088 1048 3145 asseverare,

127 3156 249 3225 locustas
265 3161 353 3243 apud
369 3162 547 3225 Germanos
570 3160 677 3223 adbuc
698 3160 825 3239 ignotas
847 3158 952 3240 priore
975 3165 1050 3221 ante

127 3244 230 3311 librum
258 3249 383 3314 editum
413 3270 514 3325 anne,
549 3249 747 3325 MDXLVI.‚
782 3248 956 3327 ingruisse,
993 3247 1049 3310 sed

127 3333 220 3403 iesum
247 3339 427 3401 Lutherum
455 3343 620 3403 mortuum
649 3357 719 3400 esse
747 3336 814 3399 iam
844 3337 896 3399 die
925 3337 1047 3399 XVIH.

176 3426 232 3490 usis
254 3427 421 3491 Februarii
446 3426 539 3490 istius
566 3426 670 3507 ipsius
697 3426 775 3487 anni
800 3425 932 3507 prioris,
963 3445 1047 3527 ergo,

180 3533 191 3575 1
222 3516 324 3578 sibi'
314 3536 350 3579 m
385 3516 539 3579 confessis
573 3516 629 3592 sit,
669 3514 847 3577 Lutherum
880 3514 1022 3578 verba
1013 3534 1049 3575 ru

176 3606 341 3685 captatione
356 3604 540 3668 versantia
531 3624 640 3685 rpsum
654 3605 799 3667 locutum
813 3623 891 3679 esse,
912 3621 1049 3665 errorem

176 3691 196 3751 ri
226 3693 440 3775 comprobari,
476 3694 543 3755 iam
571 3713 647 3755 cum
677 3698 709 3755 et
738 3692 779 3754 de
806 3692 885 3755 anni
914 3688 1047 3769 quadra

184 3781 227 3843 mi
248 3782 381 3845 secundi
405 3781 673 3847 conditionibus
663 3782 718 3856 ris,
743 3780 800 3859 qui
822 3780 858 3841 in
880 3776 1049 3841 annalium

854 3880 887 3932 91
