2584 4267
232 281 295 344 282
567 280 672 361 Caput
693 279 824 342 tertium

230 457 420 537 magnitudo
446 457 661 538 periculorum
691 455 948 538 desperationem
976 457 1110 518 afferet?
1144 461 1185 518 et

229 546 346 625 refugii
383 565 440 608 seu
478 547 541 610 tuti
581 546 643 628 loci
685 545 854 626 promissio
895 563 994 624 quem
1035 544 1184 608 haberet

228 635 347 711 locum,
371 635 400 697 si
421 641 513 698 extra
535 634 708 697 discrimen
731 640 764 697 et
785 634 820 696 in
842 639 912 697 tuto
936 635 1103 696 essemus?
1149 633 1183 696 O

229 724 327 804 igitur
360 743 470 786 coecos
503 723 667 787 Pontificis
701 723 855 798 doctores,
891 721 1092 802 disputantes
1132 722 1182 784 de

230 818 363 875 naturae
386 812 509 877 viribus
529 813 676 892 integris,
701 818 734 884 et
755 811 848 874 liberi
871 811 994 873 arbitrii
1015 811 1180 874 facultate

100 958 103 964 ,
230 920 295 980 qua
327 920 516 983 praeparare
550 922 610 964 nos
644 901 805 987 possimus
840 899 882 961 ad
910 899 1056 980 gratiam.
1104 899 1181 962 Cur

229 1009 295 1053 non
332 990 508 1071 respiciunt
545 988 587 1052 ad
620 990 711 1052 illam
749 1009 769 1051 a
805 988 932 1072 Christo
968 987 1179 1070 propositam

228 1079 415 1159 parabolam
457 1079 498 1142 de
531 1079 663 1142 homine
697 1098 717 1140 a
750 1078 929 1140 latronibus
964 1078 1100 1159 spoliato
1141 1084 1179 1140 et

228 1168 419 1231 vulnerato?
443 1168 563 1230 'Satan
593 1168 681 1230 enim
709 1187 767 1248 per
796 1171 965 1247 peccatum
995 1186 1054 1229 nos
1077 1166 1181 1228 exuit

228 1257 515 1336 praestantissimis
543 1257 653 1333 donis,
689 1255 853 1336 agnitione
882 1255 950 1332 dei,
985 1253 1108 1318 iustitia
1140 1261 1179 1318 et
1261 1248 1266 1257 '

229 1351 315 1407 recta
341 1347 519 1422 voluntate,
549 1352 582 1408 et
608 1345 744 1409 coniecit
772 1344 808 1406 in
836 1349 999 1407 aeternam
1029 1348 1177 1406 mortem

230 1453 321 1509 cum,
353 1435 381 1495 si
409 1435 531 1514 absque
559 1439 691 1514 peccato
720 1438 817 1510 esset,
850 1440 1017 1496 aeternum
1040 1452 1177 1495 eramus

229 1521 352 1584 victuri.
400 1522 494 1596 Quod
521 1523 630 1602 igitur.
649 1522 690 1584 ad
719 1542 778 1585 nos
810 1523 935 1598 attinet,
959 1541 1031 1592 vere
1054 1541 1177 1584 sumus

230 1608 399 1691 desperati.
446 1611 532 1685 Quid
555 1612 642 1672 enim
666 1611 701 1673 in
724 1609 818 1674 nobis
847 1616 958 1674 contra
980 1611 1059 1674 haee
1081 1611 1178 1672 mala

229 1700 280 1764 vel
314 1699 382 1781 spei
415 1701 466 1763 vel
499 1699 652 1781 praesidii
686 1701 759 1764 est?
815 1701 902 1762 Num
935 1699 1034 1762 homo
1069 1701 1176 1762 semel

230 1794 391 1865 mortuus,
428 1789 490 1852 sibi
523 1789 623 1852 vitam
658 1789 765 1852 denuo
799 1788 1000 1851 vindicabit?
1044 1789 1083 1850 In
1105 1789 1176 1852 hoc

230 1879 371 1958 periculo
399 1898 473 1941 cum
504 1879 605 1941 simus
636 1898 748 1942 omnes
776 1877 866 1941 omni
899 1883 1058 1958 ternpore,
1095 1897 1176 1940 vere

230 1967 367 2029 vivimus
398 1968 433 2028 in
455 1967 573 2031 infesto
595 1968 675 2044 loco,
707 1967 742 2029 in
772 1987 837 2047 quo
865 1967 948 2028 nihil
978 1971 1085 2028 tutum
1108 1973 1173 2029 est.

318 2057 366 2117 Ac
388 2055 521 2135 quidem
543 2056 684 2136 pericula
711 2055 791 2119 haec
818 2055 966 2118 homines
993 2074 1060 2117 non
1083 2075 1173 2135 pror·

231 2163 285 2206 sus
307 2145 468 2225 prophani
491 2151 523 2206 et
538 2145 640 2207 securi
661 2144 772 2208 vident
787 2165 824 2206 ac
840 2145 993 2206 sentiunt.
1028 2143 1175 2207 Iudaeus
1246 2186 1249 2191 -

230 2232 328 2312 igitur
355 2231 396 2294 ad
424 2233 536 2296 Mosen
563 2253 660 2295 suum
691 2233 839 2310 recurrit,
871 2253 909 2296 ac
938 2239 1033 2314 putat
1063 2233 1175 2295 cultus

230 2327 262 2382 et
285 2329 382 2400 opera
404 2341 424 2381 a
446 2321 535 2383 Mose
558 2327 745 2402 praeceptos
775 2341 834 2384 ceu
863 2327 993 2401 portum
1024 2341 1103 2397 esse,
1135 2321 1175 2383 in

230 2428 294 2487 quo
321 2413 412 2469 tutus
442 2408 656 2487 conquiescat.
709 2409 869 2472 Pontifioii
903 2411 1027 2473 habent
1053 2409 1175 2486 missas

230 2515 318 2571 suas,
358 2495 600 2558 intercessiones
638 2497 801 2575 divorum,
839 2499 975 2574 ieiunia,
1011 2503 1100 2575 vota,
1138 2504 1176 2562 ct

230 2583 348 2646 similia
370 2584 530 2660 exercitia,
554 2586 673 2665 quibus
697 2587 865 2650 confidunt
891 2606 925 2649 se
948 2593 1060 2652 contra
1083 2586 1174 2652 saa-

230 2692 316 2749 nam,
342 2679 374 2736 et
392 2673 428 2734 in
443 2673 495 2736 dei
509 2673 628 2738 iudicio
644 2681 732 2738 tutos
753 2675 830 2738 fore.
878 2675 940 2737 Sed
963 2676 1073 2738 omnia
1087 2676 1174 2738 haec

230 2768 307 2826 sunt
329 2763 466 2825 ficulnea
488 2763 657 2844 praesidia.
701 2760 917 2844 ¹Euangelion
933 2770 1043 2826 autem
1061 2765 1172 2828 solum

230 2851 332 2929 docet,
356 2852 414 2915 ubi
436 2858 522 2915 certa
545 2873 628 2934 spes,
653 2859 685 2916 et
700 2857 789 2915 tutus
805 2853 922 2933 refugii
944 2853 1032 2915 locus
1057 2859 1174 2916 contra

229 2946 382 3016 mortem,
406 2949 574 3022 peccatum
603 2947 636 3004 et
665 2941 818 3004 Satanam
847 2942 903 3018 sit,
934 2961 1052 3023 nempe
1080 2941 1174 3022 apud

231 3029 336 3092 solum
364 3028 471 3091 deum.
517 3031 581 3094 Hic
608 3031 724 3094 unicus
753 3035 864 3112 portus
893 3035 958 3106 est,
994 3030 1036 3092 ad
1070 3050 1174 3111 quem

230 3124 301 3179 tuto
324 3117 542 3197 applicamus,
574 3139 649 3182 curn
676 3125 769 3200 urget
798 3139 858 3182 nos
886 3121 937 3184 vel
959 3119 1172 3196 conscientia,

230 3206 281 3269 vel
304 3225 401 3280 mors,
426 3206 477 3268 vel
499 3206 606 3269 Satan.
930 3255 935 3264 .

324 3287 511 3367 ²Qu0modo
546 3301 655 3359 autem
688 3297 772 3360 hoc‘?
817 3298 930 3360 Nonne
965 3297 1053 3359 enim
1089 3297 1174 3360 deus

231 3387 398 3462 peccatum
432 3383 522 3446 odit?
559 3405 667 3448 noune
705 3386 848 3448 minatur
881 3393 1011 3467 peccato
1046 3406 1137 3467 poen:

231 3471 358 3534 certas?
396 3492 504 3535 nonne
539 3473 625 3536 solus
660 3481 708 3537 est
742 3495 839 3555 quern
873 3480 1003 3557 propter
1037 3494 1133 3556 pecca

321 3679 347 3748 1)
368 3680 431 3744 Quo
448 3680 480 3733 in
497 3681 634 3748 periculis
654 3684 884 3752 confugiendum.
917 3683 949 3754 ¹2)
969 3685 1047 3740 Deus
1072 3701 1129 3754 pec

231 3755 307 3804 tores
326 3767 376 3804 cur
393 3767 452 3804 non
470 3751 593 3822 abiiciat.
