2584 4267
236 297 299 360 238
574 291 680 375 Caput
702 255 844 356 tertium?
887 286 890 293 ’
947 259 953 271 ⁵

235 495 308 556 gere
331 472 442 554 paucis
464 470 574 547 libuit,
605 490 647 533 ne
675 469 837 552 simplices
867 470 948 534 dum
970 477 1081 547 orant,
1112 471 1179 534 sibi

235 565 388 644 laqueum
411 567 550 624 nectant.

324 650 475 712 Diximus
505 649 662 711 hactenus
692 647 772 728 quid
803 647 846 713 sit
877 646 1010 728 spiritus
1045 653 1178 712 sanctus

235 747 339 803 staur
354 739 501 802 mittatur
523 736 654 818 spiritus
678 731 836 802 sanctus}
878 735 1005 800 Deinde
1027 737 1178 819 exemplo

235 826 368 891 Davidis
387 825 597 902 ostendimus,
621 844 705 905 quae
719 824 876 888 beneficia
898 824 1032 906 spiritus
1049 825 1117 890 sint
1131 845 1178 888 ro·

236 915 350 997 ganda.
390 916 503 978 Restat
521 914 588 977 iam
608 918 723 994 quarta
742 913 916 995 particula,
947 919 986 977 ut
1013 913 1114 977 etiam
1137 912 1178 976 de

235 1004 362 1079 mediis,
387 1010 420 1067 et
442 1003 537 1083 quasi
557 1003 783 1067 instrumentis
805 1002 987 1078 doceamus,
1012 1021 1071 1084 per
1094 1021 1180 1082 quae

237 1093 369 1175 spiritus
408 1099 540 1156 sanctus
578 1098 628 1155 est
667 1091 791 1154 efficax.
850 1090 910 1153 Est
948 1096 1059 1154 autam
1097 1091 1179 1154 haec

236 1201 364 1262 quoque
413 1181 577 1244 doctrinae
626 1199 700 1260 pars
755 1178 932 1243 admodum
985 1180 1178 1243 necessaria.

237 1271 320 1334 Nota
350 1270 439 1332 enim
456 1265 542 1332 'sunt
567 1289 634 1331 non
665 1268 898 1331 monachorum
931 1274 1061 1331 tantum
1095 1289 1179 1331 som·

237 1359 307 1435 nia,
336 1359 394 1438 qui
424 1357 554 1421 ieiuniis
584 1363 616 1421 et
642 1356 842 1420 ortaionibus
868 1377 902 1419 se
929 1357 1178 1438 praeparabant,

237 1446 294 1510 sed
317 1447 416 1509 etiam
438 1445 574 1509 aliorum
602 1446 675 1526 (qui
697 1444 835 1526 purioris
864 1443 1028 1508 doctrinae
1054 1465 1179 1526 posses·

237 1535 363 1598 sionem
385 1533 449 1596 sibi
471 1534 656 1613 sumebant)
684 1534 879 1616 phanaticae
905 1533 1084 1614 opiniones.
1134 1533 1181 1596 Hi

238 1623 326 1686 enim
343 1623 488 1703 neglecto
503 1623 693 1699 ministerio,
711 1620 799 1702 quod
818 1622 898 1686 deus
914 1622 949 1685 in
970 1641 1028 1686 sua
1043 1623 1180 1686 ecclesia

238 1731 307 1775 esse
329 1713 440 1787 voluit,
463 1711 627 1776 abdebant
656 1731 690 1774 se
717 1712 752 1774 in
780 1712 924 1791 angulos,
957 1717 990 1774 et
1017 1711 1181 1776 vacabant

238 1800 578 1881 contemplationibus,
617 1800 726 1864 nescio
765 1800 901 1880 quibus,
942 1818 1045 1880 eoque
1079 1799 1181 1862 modo

237 1890 453 1970 expectabant
474 1889 721 1971 promissionem
744 1888 882 1970 spiritus,
904 1908 962 1970 per
984 1894 1087 1953 certos
1114 1909 1180 1969 gra·

240 1977 310 2054 dus,
335 1997 417 2058 quos
439 1978 632 2058 portentosis
646 1978 834 2041 nominibus
850 1976 1067 2059 appellabant.
1118 1977 1181 2040 His

238 2066 418 2129 rationibus
441 2072 570 2130 tantum
591 2065 806 2147 profecerunt,
829 2072 867 2128 ut
889 2086 954 2129 non
975 2071 1098 2142 sancto,
1125 2064 1182 2129 sed

238 2153 302 2216 alio
335 2155 421 2216 malo
456 2154 571 2235 spiritu
593 2154 817 2235 implerentur,
853 2155 910 2234 qui
940 2154 1113 2230 attonitos,
1151 2160 1183 2217 et
1214 2184 1216 2188 .

239 2248 368 2305 tantum
400 2262 467 2305 non
501 2242 607 2305 fatuos
641 2242 810 2306 efficiebat.
867 2241 957 2305 Sicut
990 2249 1067 2306 nota
1104 2249 1184 2306 sunt

239 2331 388 2411 exempla
409 2331 444 2391 in
466 2329 507 2392 iis
529 2329 621 2405 locis,
645 2330 703 2392 ubi
726 2330 925 2406 Muntzerus,
950 2329 1180 2406 Carlostodius‚

239 2417 413 2492 Storcbius,
437 2423 469 2480 et
492 2417 547 2479 alii
569 2417 735 2499 phanatici
757 2418 905 2480 homines
928 2418 1120 2497 docuerunt,
1145 2439 1182 2482 ac

239 2505 343 2568 maior
376 2525 451 2588 pars
484 2512 597 2587 postea
625 2503 672 2569 ’ad
706 2506 939 2588 anabaptistae,
976 2506 1079 2570 nihilo
1117 2508 1182 2572 illis

239 2595 391 2670 saniores,
408 2594 612 2672 transienmt.
644 2594 744 2658 Hisce
759 2595 917 2658 erroribus
933 2595 1181 2670 occurrendum,

239 2689 273 2746 et
304 2682 345 2746 de
379 2683 480 2746 tantis
507 2685 603 2747 rebus
630 2703 672 2746 ex
700 2683 857 2765 scriptura
883 2689 969 2747 certa
991 2683 1183 2748 testimonia

238 2771 379 2853 petenda
400 2779 485 2836 sunt.

327 2861 513 2924 Memineris
551 2861 664 2942 igitur,
708 2879 791 2941 quae
830 2879 927 2942 supra
964 2860 1005 2924 de
1043 2861 1183 2944 spiritus

237 2951 340 3013 sancti
363 2950 458 3012 certis
481 2956 513 3012 et
535 2949 728 3014 indubitatis
743 2948 893 3030 operibus
909 2948 1064 3027 diximus,
1090 2951 1183 3032 quod

236 3039 380 3121 primum
413 3037 569 3101 accendat
601 3039 636 3101 in
670 3037 789 3116 animis
823 3038 931 3114 fidem,
966 3057 1007 3101 ne
1046 3046 1183 3122 propter

235 3132 367 3209 peccata
388 3126 573 3207 desperent,
598 3125 739 3190 secundo
762 3125 894 3192 adiuvat
916 3133 1063 3190 nostrum
1087 3127 1182 3210 spiri·

236 3222 318 3290 tum,
342 3220 380 3276 ut
402 3215 587 3278 resistamus
609 3221 750 3297 peccato,
774 3221 807 3278 et
828 3215 1044 3278 morificemus
1069 3235 1181 3298 pecca-

237 3309 318 3364 tum.
354 3303 461 3366 Tertio
484 3304 667 3367 consolatur
691 3304 727 3366 in
742 3305 838 3368 rebus
858 3302 1007 3368 adversis.
1047 3305 1137 3368 Nam
1154 3304 1184 3370 si

238 3390 318 3470 quid
341 3397 457 3454 natura
479 3393 618 3456 solemus
641 3392 827 3473 interroges,
851 3398 965 3456 notum
988 3399 1038 3456 est
1052 3394 1180 3476 peccas

238 3498 369 3542 sensum
392 3499 502 3562 parere
530 3480 800 3564 desperationem,
829 3485 943 3547 notum
966 3487 1071 3546 estet
1095 3482 1160 3545 del<

155 3582 159 3594 ’
238 3568 317 3631 ctari
339 3588 398 3631 nos
421 3575 563 3650 peccato,
587 3575 620 3632 et
640 3569 677 3633 in
691 3569 842 3650 periculis
859 3569 1025 3634 concidere
1048 3571 1164 3636 animo

326 3761 354 3829 1)
373 3763 417 3817 De
434 3761 539 3816 mediis
557 3776 609 3828 per
626 3775 700 3829 quae
719 3762 839 3830 spiritus
858 3766 975 3819 sanctus
993 3764 1080 3820 venit.
