<?xml version="1.0" encoding="UTF-8"?>
<!DOCTYPE html PUBLIC "-//W3C//DTD XHTML 1.0 Transitional//EN"
    "http://www.w3.org/TR/xhtml1/DTD/xhtml1-transitional.dtd">
<html xmlns="http://www.w3.org/1999/xhtml" xml:lang="en" lang="en">
 <head>
  <title>
</title>
<meta http-equiv="Content-Type" content="text/html;charset=utf-8" />
  <meta name='ocr-system' content='tesseract 3.04.00' />
  <meta name='ocr-capabilities' content='ocr_page ocr_carea ocr_par ocr_line ocrx_word'/>
</head>
<body>
  <div class='ocr_page' id='page_1' title='image "./exegeticaoperal12luthgoog_0226.png"; bbox 0 0 2584 4267; ppageno 0'>
   <div class='ocr_carea' id='block_1_1' title="bbox 431 223 1050 346">
    <p class='ocr_par' dir='ltr' id='par_1_1' title="bbox 431 223 1050 346">
     <span class='ocr_line' id='line_1_1' title="bbox 431 223 1050 346; baseline -0.002 -19"><span class='ocrx_word' id='word_1_1' title='bbox 431 265 530 328; x_wconf 76' lang='lat' dir='ltr'><strong>Joens</strong></span> <span class='ocrx_word' id='word_1_2' title='bbox 552 223 736 346; x_wconf 65' lang='lat' dir='ltr'><strong>papate.</strong></span> <span class='ocrx_word' id='word_1_3' title='bbox 988 265 1050 326; x_wconf 84' lang='lat'><strong>215</strong></span> 
     </span>
    </p>
   </div>
   <div class='ocr_carea' id='block_1_2' title="bbox 123 442 1053 1143">
    <p class='ocr_par' dir='ltr' id='par_1_2' title="bbox 126 442 1051 613">
     <span class='ocr_line' id='line_1_2' title="bbox 126 442 1051 506; baseline -0.003 0"><span class='ocrx_word' id='word_1_4' title='bbox 126 443 239 506; x_wconf 89' lang='lat' dir='ltr'><strong>misisti</strong></span> <span class='ocrx_word' id='word_1_5' title='bbox 259 443 361 504; x_wconf 93' lang='lat' dir='ltr'><strong>filium</strong></span> <span class='ocrx_word' id='word_1_6' title='bbox 383 443 491 505; x_wconf 91' lang='lat' dir='ltr'><strong>Iesum</strong></span> <span class='ocrx_word' id='word_1_7' title='bbox 510 442 683 505; x_wconf 80' lang='lat' dir='ltr'><strong>Christum.</strong></span> <span class='ocrx_word' id='word_1_8' title='bbox 723 442 765 504; x_wconf 77' lang='lat' dir='ltr'><strong>m</strong></span> <span class='ocrx_word' id='word_1_9' title='bbox 780 442 913 506; x_wconf 92' lang='lat' dir='ltr'><strong>Paulus:</strong></span> <span class='ocrx_word' id='word_1_10' title='bbox 950 442 1051 504; x_wconf 81' lang='lat' dir='ltr'><strong>Evan-</strong></span> 
     </span>
     <span class='ocr_line' id='line_1_3' title="bbox 126 530 1050 613; baseline -0.002 -21"><span class='ocrx_word' id='word_1_11' title='bbox 126 531 228 611; x_wconf 86' lang='lat' dir='ltr'><strong>gelion</strong></span> <span class='ocrx_word' id='word_1_12' title='bbox 248 538 296 594; x_wconf 87' lang='lat' dir='ltr'><strong>est</strong></span> <span class='ocrx_word' id='word_1_13' title='bbox 316 532 461 613; x_wconf 89' lang='lat' dir='ltr'><strong>potentia</strong></span> <span class='ocrx_word' id='word_1_14' title='bbox 483 531 536 594; x_wconf 90' lang='lat' dir='ltr'><strong>dei</strong></span> <span class='ocrx_word' id='word_1_15' title='bbox 559 531 600 593; x_wconf 89' lang='lat' dir='ltr'><strong>ad</strong></span> <span class='ocrx_word' id='word_1_16' title='bbox 623 531 760 594; x_wconf 86' lang='lat' dir='ltr'><strong>salutem</strong></span> <span class='ocrx_word' id='word_1_17' title='bbox 783 531 873 593; x_wconf 91' lang='lat' dir='ltr'><strong>omni</strong></span> <span class='ocrx_word' id='word_1_18' title='bbox 899 530 1050 593; x_wconf 87' lang='lat' dir='ltr'><strong>credenti.</strong></span> 
     </span>
    </p>

    <p class='ocr_par' dir='ltr' id='par_1_3' title="bbox 123 618 1053 1143">
     <span class='ocr_line' id='line_1_4' title="bbox 210 618 1053 698; baseline 0 -18"><span class='ocrx_word' id='word_1_19' title='bbox 210 621 316 682; x_wconf 89' lang='lat' dir='ltr'><strong>Habes</strong></span> <span class='ocrx_word' id='word_1_20' title='bbox 349 621 448 683; x_wconf 88' lang='lat' dir='ltr'><strong>finem</strong></span> <span class='ocrx_word' id='word_1_21' title='bbox 481 639 539 682; x_wconf 87' lang='lat' dir='ltr'><strong>seu</strong></span> <span class='ocrx_word' id='word_1_22' title='bbox 573 621 724 682; x_wconf 87' lang='lat' dir='ltr'><strong>effectum</strong></span> <span class='ocrx_word' id='word_1_23' title='bbox 757 618 919 682; x_wconf 87' lang='lat' dir='ltr'><strong>doctrinae</strong></span> <span class='ocrx_word' id='word_1_24' title='bbox 954 639 1053 698; x_wconf 90' lang='lat' dir='ltr'><strong>quam</strong></span> 
     </span>
     <span class='ocr_line' id='line_1_5' title="bbox 125 707 1053 788; baseline 0 -18"><span class='ocrx_word' id='word_1_25' title='bbox 125 709 208 771; x_wconf 90' lang='lat' dir='ltr'><strong>filius</strong></span> <span class='ocrx_word' id='word_1_26' title='bbox 228 708 279 770; x_wconf 89' lang='lat' dir='ltr'><strong>dei</strong></span> <span class='ocrx_word' id='word_1_27' title='bbox 301 708 337 770; x_wconf 92' lang='lat' dir='ltr'><strong>in</strong></span> <span class='ocrx_word' id='word_1_28' title='bbox 358 709 447 771; x_wconf 89' lang='lat' dir='ltr'><strong>hunc</strong></span> <span class='ocrx_word' id='word_1_29' title='bbox 468 708 629 771; x_wconf 90' lang='lat' dir='ltr'><strong>mundum</strong></span> <span class='ocrx_word' id='word_1_30' title='bbox 643 708 757 770; x_wconf 82' lang='lat' dir='ltr'><strong>hocin</strong></span> <span class='ocrx_word' id='word_1_31' title='bbox 770 709 840 771; x_wconf 92' lang='lat' dir='ltr'><strong>loco</strong></span> <span class='ocrx_word' id='word_1_32' title='bbox 854 707 1053 788; x_wconf 78' lang='lat' dir='ltr'><strong>promittitur</strong></span> 
     </span>
     <span class='ocr_line' id='line_1_6' title="bbox 124 795 1053 879; baseline -0.002 -20"><span class='ocrx_word' id='word_1_33' title='bbox 124 798 280 860; x_wconf 74' lang='lat' dir='ltr'><strong>allatinus.</strong></span> <span class='ocrx_word' id='word_1_34' title='bbox 315 797 378 860; x_wconf 84' lang='lat' dir='ltr'><strong>Sed</strong></span> <span class='ocrx_word' id='word_1_35' title='bbox 401 818 483 879; x_wconf 86' lang='lat' dir='ltr'><strong>quae</strong></span> <span class='ocrx_word' id='word_1_36' title='bbox 499 798 603 861; x_wconf 88' lang='lat' dir='ltr'><strong>forma</strong></span> <span class='ocrx_word' id='word_1_37' title='bbox 618 797 781 860; x_wconf 89' lang='lat' dir='ltr'><strong>doctrinae</strong></span> <span class='ocrx_word' id='word_1_38' title='bbox 796 797 847 873; x_wconf 88' lang='lat' dir='ltr'><strong>sit,</strong></span> <span class='ocrx_word' id='word_1_39' title='bbox 865 803 897 859; x_wconf 88' lang='lat' dir='ltr'><strong>et</strong></span> <span class='ocrx_word' id='word_1_40' title='bbox 912 795 940 858; x_wconf 90' lang='lat' dir='ltr'><strong>si</strong></span> <span class='ocrx_word' id='word_1_41' title='bbox 956 816 1053 876; x_wconf 88' lang='lat' dir='ltr'><strong>supra</strong></span> 
     </span>
     <span class='ocr_line' id='line_1_7' title="bbox 124 884 1051 968; baseline -0.001 -20"><span class='ocrx_word' id='word_1_42' title='bbox 124 887 240 948; x_wconf 89' lang='lat' dir='ltr'><strong>ostensi</strong></span> <span class='ocrx_word' id='word_1_43' title='bbox 253 886 315 948; x_wconf 89' lang='lat' dir='ltr'><strong>loci</strong></span> <span class='ocrx_word' id='word_1_44' title='bbox 330 886 504 968; x_wconf 79' lang='lat' dir='ltr'><strong>scripturae</strong></span> <span class='ocrx_word' id='word_1_45' title='bbox 520 887 598 949; x_wconf 91' lang='lat' dir='ltr'><strong>satis</strong></span> <span class='ocrx_word' id='word_1_46' title='bbox 614 885 739 962; x_wconf 87' lang='lat' dir='ltr'><strong>docent,</strong></span> <span class='ocrx_word' id='word_1_47' title='bbox 764 891 873 948; x_wconf 89' lang='lat' dir='ltr'><strong>tamen</strong></span> <span class='ocrx_word' id='word_1_48' title='bbox 889 905 927 948; x_wconf 90' lang='lat' dir='ltr'><strong>ea</strong></span> <span class='ocrx_word' id='word_1_49' title='bbox 948 884 1051 948; x_wconf 88' lang='lat' dir='ltr'><strong>bellis·</strong></span> 
     </span>
     <span class='ocr_line' id='line_1_8' title="bbox 123 974 1052 1056; baseline -0.002 -20"><span class='ocrx_word' id='word_1_50' title='bbox 123 975 204 1036; x_wconf 89' lang='lat' dir='ltr'><strong>sime</strong></span> <span class='ocrx_word' id='word_1_51' title='bbox 223 975 257 1036; x_wconf 87' lang='lat' dir='ltr'><strong>in</strong></span> <span class='ocrx_word' id='word_1_52' title='bbox 278 975 421 1038; x_wconf 89' lang='lat' dir='ltr'><strong>secundo</strong></span> <span class='ocrx_word' id='word_1_53' title='bbox 443 976 568 1056; x_wconf 90' lang='lat' dir='ltr'><strong>psalmo</strong></span> <span class='ocrx_word' id='word_1_54' title='bbox 591 991 743 1055; x_wconf 85' lang='lat' dir='ltr'><strong>expressa</strong></span> <span class='ocrx_word' id='word_1_55' title='bbox 765 981 826 1050; x_wconf 86' lang='lat' dir='ltr'><strong>est,</strong></span> <span class='ocrx_word' id='word_1_56' title='bbox 857 974 914 1036; x_wconf 88' lang='lat' dir='ltr'><strong>ubi</strong></span> <span class='ocrx_word' id='word_1_57' title='bbox 937 980 994 1035; x_wconf 83' lang='lat' dir='ltr'><strong>rex</strong></span> <span class='ocrx_word' id='word_1_58' title='bbox 1016 974 1052 1034; x_wconf 92' lang='lat' dir='ltr'><strong>in</strong></span> 
     </span>
     <span class='ocr_line' id='line_1_9' title="bbox 123 1057 1050 1143; baseline 0 -19"><span class='ocrx_word' id='word_1_59' title='bbox 123 1063 200 1124; x_wconf 82' lang='lat' dir='ltr'><strong>Zion</strong></span> <span class='ocrx_word' id='word_1_60' title='bbox 210 1062 363 1127; x_wconf 86' lang='lat' dir='ltr'><strong>divinitus</strong></span> <span class='ocrx_word' id='word_1_61' title='bbox 378 1064 571 1128; x_wconf 89' lang='lat' dir='ltr'><strong>constitutus</strong></span> <span class='ocrx_word' id='word_1_62' title='bbox 586 1063 666 1126; x_wconf 90' lang='lat' dir='ltr'><strong>dicit</strong></span> <span class='ocrx_word' id='word_1_63' title='bbox 675 1057 701 1125; x_wconf 87' lang='lat'><strong>:¹</strong></span> <span class='ocrx_word' id='word_1_64' title='bbox 720 1063 912 1125; x_wconf 88' lang='lat' dir='ltr'><strong>Praedicabo</strong></span> <span class='ocrx_word' id='word_1_65' title='bbox 928 1081 1050 1143; x_wconf 87' lang='lat' dir='ltr'><strong>praece·</strong></span> 
     </span>
    </p>
   </div>
   <div class='ocr_carea' id='block_1_3' title="bbox 122 1151 1149 1231">
    <p class='ocr_par' dir='ltr' id='par_1_4' title="bbox 122 1151 1149 1231">
     <span class='ocr_line' id='line_1_10' title="bbox 122 1151 1149 1231; baseline -0.001 -18"><span class='ocrx_word' id='word_1_66' title='bbox 122 1157 227 1231; x_wconf 53' lang='lat' dir='ltr'><strong>ptums</strong></span> <span class='ocrx_word' id='word_1_67' title='bbox 238 1152 323 1215; x_wconf 89' lang='lat' dir='ltr'><strong>filius</strong></span> <span class='ocrx_word' id='word_1_68' title='bbox 338 1172 431 1215; x_wconf 88' lang='lat' dir='ltr'><strong>meus</strong></span> <span class='ocrx_word' id='word_1_69' title='bbox 445 1173 479 1215; x_wconf 91' lang='lat' dir='ltr'><strong>es</strong></span> <span class='ocrx_word' id='word_1_70' title='bbox 495 1159 541 1228; x_wconf 88' lang='lat' dir='ltr'><strong>tu,</strong></span> <span class='ocrx_word' id='word_1_71' title='bbox 557 1151 656 1214; x_wconf 88' lang='lat' dir='ltr'><strong>hodie</strong></span> <span class='ocrx_word' id='word_1_72' title='bbox 671 1171 730 1230; x_wconf 85' lang='lat' dir='ltr'><strong>ego</strong></span> <span class='ocrx_word' id='word_1_73' title='bbox 746 1151 843 1230; x_wconf 84' lang='lat' dir='ltr'><strong>genui</strong></span> <span class='ocrx_word' id='word_1_74' title='bbox 854 1157 895 1213; x_wconf 89' lang='lat' dir='ltr'><strong>te.</strong></span> <span class='ocrx_word' id='word_1_75' title='bbox 912 1151 1053 1213; x_wconf 89' lang='lat' dir='ltr'><strong>Paucula</strong></span> <span class='ocrx_word' id='word_1_76' title='bbox 1147 1198 1149 1202; x_wconf 81' lang='lat'><em>.</em></span> 
     </span>
    </p>
   </div>
   <div class='ocr_carea' id='block_1_4' title="bbox 107 1238 1054 3627">
    <p class='ocr_par' dir='ltr' id='par_1_5' title="bbox 107 1238 1054 3627">
     <span class='ocr_line' id='line_1_11' title="bbox 121 1238 1053 1321; baseline -0.002 -19"><span class='ocrx_word' id='word_1_77' title='bbox 121 1241 201 1302; x_wconf 87' lang='lat' dir='ltr'><strong>haec</strong></span> <span class='ocrx_word' id='word_1_78' title='bbox 213 1241 308 1303; x_wconf 88' lang='lat' dir='ltr'><strong>verba</strong></span> <span class='ocrx_word' id='word_1_79' title='bbox 322 1261 485 1303; x_wconf 87' lang='lat' dir='ltr'><strong>summam</strong></span> <span class='ocrx_word' id='word_1_80' title='bbox 500 1241 658 1320; x_wconf 83' lang='lat' dir='ltr'><strong>evangelii</strong></span> <span class='ocrx_word' id='word_1_81' title='bbox 672 1240 937 1321; x_wconf 88' lang='lat' dir='ltr'><strong>complectuntur.</strong></span> <span class='ocrx_word' id='word_1_82' title='bbox 968 1238 1053 1312; x_wconf 77' lang='lat' dir='ltr'><strong>Quid</strong></span> 
     </span>
     <span class='ocr_line' id='line_1_12' title="bbox 122 1328 1054 1409; baseline 0.001 -20"><span class='ocrx_word' id='word_1_83' title='bbox 122 1329 207 1392; x_wconf 89' lang='lat' dir='ltr'><strong>enim</strong></span> <span class='ocrx_word' id='word_1_84' title='bbox 228 1331 415 1409; x_wconf 83' lang='lat' dir='ltr'><strong>evangelion</strong></span> <span class='ocrx_word' id='word_1_85' title='bbox 437 1329 526 1392; x_wconf 88' lang='lat' dir='ltr'><strong>aliud</strong></span> <span class='ocrx_word' id='word_1_86' title='bbox 548 1329 651 1405; x_wconf 87' lang='lat' dir='ltr'><strong>docet,</strong></span> <span class='ocrx_word' id='word_1_87' title='bbox 676 1349 774 1408; x_wconf 89' lang='lat' dir='ltr'><strong>quam</strong></span> <span class='ocrx_word' id='word_1_88' title='bbox 798 1328 885 1408; x_wconf 92' lang='lat' dir='ltr'><strong>quod</strong></span> <span class='ocrx_word' id='word_1_89' title='bbox 900 1328 990 1390; x_wconf 91' lang='lat' dir='ltr'><strong>Iesus</strong></span> <span class='ocrx_word' id='word_1_90' title='bbox 1013 1347 1054 1390; x_wconf 86' lang='lat' dir='ltr'><strong>ex</strong></span> 
     </span>
     <span class='ocr_line' id='line_1_13' title="bbox 119 1417 1053 1498; baseline 0.002 -20"><span class='ocrx_word' id='word_1_91' title='bbox 119 1417 218 1479; x_wconf 84' lang='lat' dir='ltr'><strong>Maria</strong></span> <span class='ocrx_word' id='word_1_92' title='bbox 239 1419 362 1498; x_wconf 87' lang='lat' dir='ltr'><strong>virgine</strong></span> <span class='ocrx_word' id='word_1_93' title='bbox 385 1425 481 1481; x_wconf 88' lang='lat' dir='ltr'><strong>natus</strong></span> <span class='ocrx_word' id='word_1_94' title='bbox 503 1419 541 1481; x_wconf 87' lang='lat' dir='ltr'><strong>fit</strong></span> <span class='ocrx_word' id='word_1_95' title='bbox 559 1417 645 1480; x_wconf 89' lang='lat' dir='ltr'><strong>filius</strong></span> <span class='ocrx_word' id='word_1_96' title='bbox 660 1418 782 1480; x_wconf 90' lang='lat' dir='ltr'><strong>aeterni</strong></span> <span class='ocrx_word' id='word_1_97' title='bbox 797 1417 907 1498; x_wconf 82' lang='lat' dir='ltr'><strong>patris,</strong></span> <span class='ocrx_word' id='word_1_98' title='bbox 931 1417 1053 1480; x_wconf 87' lang='lat' dir='ltr'><strong>venerit</strong></span> 
     </span>
     <span class='ocr_line' id='line_1_14' title="bbox 107 1506 1052 1588; baseline 0.001 -21"><span class='ocrx_word' id='word_1_99' title='bbox 107 1512 225 1579; x_wconf 27' lang='lat' dir='ltr'><strong>‘autem</strong></span> <span class='ocrx_word' id='word_1_100' title='bbox 246 1507 281 1568; x_wconf 91' lang='lat' dir='ltr'><strong>in</strong></span> <span class='ocrx_word' id='word_1_101' title='bbox 304 1507 389 1569; x_wconf 88' lang='lat' dir='ltr'><strong>hanc</strong></span> <span class='ocrx_word' id='word_1_102' title='bbox 411 1526 553 1583; x_wconf 89' lang='lat' dir='ltr'><strong>carnem,</strong></span> <span class='ocrx_word' id='word_1_103' title='bbox 583 1513 621 1569; x_wconf 87' lang='lat' dir='ltr'><strong>ut</strong></span> <span class='ocrx_word' id='word_1_104' title='bbox 642 1526 701 1569; x_wconf 90' lang='lat' dir='ltr'><strong>nos</strong></span> <span class='ocrx_word' id='word_1_105' title='bbox 724 1507 866 1588; x_wconf 89' lang='lat' dir='ltr'><strong>primum</strong></span> <span class='ocrx_word' id='word_1_106' title='bbox 889 1507 929 1568; x_wconf 92' lang='lat' dir='ltr'><strong>de</strong></span> <span class='ocrx_word' id='word_1_107' title='bbox 952 1506 1052 1587; x_wconf 89' lang='lat' dir='ltr'><strong>patris</strong></span> 
     </span>
     <span class='ocr_line' id='line_1_15' title="bbox 119 1594 1051 1676; baseline 0 -20"><span class='ocrx_word' id='word_1_108' title='bbox 119 1595 313 1657; x_wconf 79' lang='lat' dir='ltr'><strong>misericordi</strong></span> <span class='ocrx_word' id='word_1_109' title='bbox 328 1597 492 1659; x_wconf 88' lang='lat' dir='ltr'><strong>voluntate</strong></span> <span class='ocrx_word' id='word_1_110' title='bbox 508 1595 643 1671; x_wconf 88' lang='lat' dir='ltr'><strong>doceret,</strong></span> <span class='ocrx_word' id='word_1_111' title='bbox 657 1595 773 1658; x_wconf 89' lang='lat' dir='ltr'><strong>deinde</strong></span> <span class='ocrx_word' id='word_1_112' title='bbox 788 1603 826 1658; x_wconf 89' lang='lat' dir='ltr'><strong>ut</strong></span> <span class='ocrx_word' id='word_1_113' title='bbox 840 1615 898 1676; x_wconf 91' lang='lat' dir='ltr'><strong>pro</strong></span> <span class='ocrx_word' id='word_1_114' title='bbox 913 1594 1051 1676; x_wconf 87' lang='lat' dir='ltr'><strong>peccatis</strong></span> 
     </span>
     <span class='ocr_line' id='line_1_16' title="bbox 118 1683 1052 1764; baseline 0 -20"><span class='ocrx_word' id='word_1_115' title='bbox 118 1683 233 1745; x_wconf 89' lang='lat' dir='ltr'><strong>nostris</strong></span> <span class='ocrx_word' id='word_1_116' title='bbox 255 1684 291 1745; x_wconf 93' lang='lat' dir='ltr'><strong>in</strong></span> <span class='ocrx_word' id='word_1_117' title='bbox 322 1701 414 1747; x_wconf 90' lang='lat' dir='ltr'><strong>cruce</strong></span> <span class='ocrx_word' id='word_1_118' title='bbox 441 1684 638 1746; x_wconf 84' lang='lat' dir='ltr'><strong>satisfaceret</strong></span> <span class='ocrx_word' id='word_1_119' title='bbox 672 1690 704 1747; x_wconf 86' lang='lat' dir='ltr'><strong>et</strong></span> <span class='ocrx_word' id='word_1_120' title='bbox 737 1684 872 1747; x_wconf 89' lang='lat' dir='ltr'><strong>donaret</strong></span> <span class='ocrx_word' id='word_1_121' title='bbox 901 1684 1052 1764; x_wconf 86' lang='lat' dir='ltr'><strong>spiritum</strong></span> 
     </span>
     <span class='ocr_line' id='line_1_17' title="bbox 118 1773 1052 1849; baseline -0.001 -16"><span class='ocrx_word' id='word_1_122' title='bbox 118 1778 279 1849; x_wconf 85' lang='lat' dir='ltr'><strong>sanctum,</strong></span> <span class='ocrx_word' id='word_1_123' title='bbox 314 1792 352 1834; x_wconf 89' lang='lat' dir='ltr'><strong>ac</strong></span> <span class='ocrx_word' id='word_1_124' title='bbox 385 1773 420 1835; x_wconf 90' lang='lat' dir='ltr'><strong>in</strong></span> <span class='ocrx_word' id='word_1_125' title='bbox 455 1779 621 1836; x_wconf 83' lang='lat' dir='ltr'><strong>aeternum</strong></span> <span class='ocrx_word' id='word_1_126' title='bbox 660 1773 762 1835; x_wconf 83' lang='lat' dir='ltr'><strong>salvos</strong></span> <span class='ocrx_word' id='word_1_127' title='bbox 796 1773 923 1834; x_wconf 84' lang='lat' dir='ltr'><strong>faceret.</strong></span> <span class='ocrx_word' id='word_1_128' title='bbox 981 1773 1052 1833; x_wconf 88' lang='lat' dir='ltr'><strong>Hac</strong></span> 
     </span>
     <span class='ocr_line' id='line_1_18' title="bbox 118 1859 1050 1943; baseline 0 -22"><span class='ocrx_word' id='word_1_129' title='bbox 118 1859 261 1923; x_wconf 86' lang='lat' dir='ltr'><strong>doctrina</strong></span> <span class='ocrx_word' id='word_1_130' title='bbox 284 1862 502 1924; x_wconf 89' lang='lat' dir='ltr'><strong>accenduntur</strong></span> <span class='ocrx_word' id='word_1_131' title='bbox 524 1861 625 1923; x_wconf 89' lang='lat' dir='ltr'><strong>animi</strong></span> <span class='ocrx_word' id='word_1_132' title='bbox 647 1879 705 1943; x_wconf 86' lang='lat' dir='ltr'><strong>per</strong></span> <span class='ocrx_word' id='word_1_133' title='bbox 728 1861 877 1941; x_wconf 88' lang='lat' dir='ltr'><strong>spiritum</strong></span> <span class='ocrx_word' id='word_1_134' title='bbox 893 1866 1050 1936; x_wconf 85' lang='lat' dir='ltr'><strong>sanctum,</strong></span> 
     </span>
     <span class='ocr_line' id='line_1_19' title="bbox 117 1948 1052 2030; baseline -0.001 -19"><span class='ocrx_word' id='word_1_135' title='bbox 117 1955 154 2011; x_wconf 88' lang='lat' dir='ltr'><strong>ut</strong></span> <span class='ocrx_word' id='word_1_136' title='bbox 174 1949 280 2030; x_wconf 88' lang='lat' dir='ltr'><strong>primo</strong></span> <span class='ocrx_word' id='word_1_137' title='bbox 303 1949 401 2012; x_wconf 86' lang='lat' dir='ltr'><strong>deum</strong></span> <span class='ocrx_word' id='word_1_138' title='bbox 423 1969 495 2015; x_wconf 89' lang='lat' dir='ltr'><strong>vere</strong></span> <span class='ocrx_word' id='word_1_139' title='bbox 518 1957 637 2027; x_wconf 89' lang='lat' dir='ltr'><strong>ament,</strong></span> <span class='ocrx_word' id='word_1_140' title='bbox 662 1949 823 2029; x_wconf 84' lang='lat' dir='ltr'><strong>siquidem</strong></span> <span class='ocrx_word' id='word_1_141' title='bbox 846 1955 914 2026; x_wconf 86' lang='lat' dir='ltr'><strong>tam</strong></span> <span class='ocrx_word' id='word_1_142' title='bbox 930 1948 1052 2010; x_wconf 83' lang='lat' dir='ltr'><strong>eximio</strong></span> 
     </span>
     <span class='ocr_line' id='line_1_20' title="bbox 118 2037 1052 2118; baseline -0.001 -19"><span class='ocrx_word' id='word_1_143' title='bbox 118 2037 152 2099; x_wconf 90' lang='lat' dir='ltr'><strong>in</strong></span> <span class='ocrx_word' id='word_1_144' title='bbox 178 2057 237 2101; x_wconf 91' lang='lat' dir='ltr'><strong>nos</strong></span> <span class='ocrx_word' id='word_1_145' title='bbox 266 2057 376 2101; x_wconf 86' lang='lat' dir='ltr'><strong>amore</strong></span> <span class='ocrx_word' id='word_1_146' title='bbox 402 2040 536 2118; x_wconf 84' lang='lat' dir='ltr'><strong>flagrare</strong></span> <span class='ocrx_word' id='word_1_147' title='bbox 565 2058 640 2101; x_wconf 89' lang='lat' dir='ltr'><strong>eum</strong></span> <span class='ocrx_word' id='word_1_148' title='bbox 670 2037 830 2114; x_wconf 89' lang='lat' dir='ltr'><strong>videmus,</strong></span> <span class='ocrx_word' id='word_1_149' title='bbox 861 2043 899 2100; x_wconf 88' lang='lat' dir='ltr'><strong>ut</strong></span> <span class='ocrx_word' id='word_1_150' title='bbox 926 2043 1052 2100; x_wconf 89' lang='lat' dir='ltr'><strong>nostrae</strong></span> 
     </span>
     <span class='ocr_line' id='line_1_21' title="bbox 118 2125 1052 2208; baseline -0.001 -20"><span class='ocrx_word' id='word_1_151' title='bbox 118 2127 228 2189; x_wconf 87' lang='lat' dir='ltr'><strong>salutis</strong></span> <span class='ocrx_word' id='word_1_152' title='bbox 239 2146 337 2189; x_wconf 87' lang='lat' dir='ltr'><strong>causa</strong></span> <span class='ocrx_word' id='word_1_153' title='bbox 350 2147 391 2189; x_wconf 89' lang='lat' dir='ltr'><strong>ne</strong></span> <span class='ocrx_word' id='word_1_154' title='bbox 407 2128 540 2208; x_wconf 87' lang='lat' dir='ltr'><strong>quidem</strong></span> <span class='ocrx_word' id='word_1_155' title='bbox 554 2128 621 2190; x_wconf 86' lang='lat' dir='ltr'><strong>filio</strong></span> <span class='ocrx_word' id='word_1_156' title='bbox 637 2147 696 2190; x_wconf 91' lang='lat' dir='ltr'><strong>suo</strong></span> <span class='ocrx_word' id='word_1_157' title='bbox 711 2127 897 2208; x_wconf 77' lang='lat' dir='ltr'><strong>pepercerit.</strong></span> <span class='ocrx_word' id='word_1_158' title='bbox 929 2125 1052 2187; x_wconf 87' lang='lat' dir='ltr'><strong>Deinde</strong></span> 
     </span>
     <span class='ocr_line' id='line_1_22' title="bbox 117 2215 1053 2298; baseline 0 -22"><span class='ocrx_word' id='word_1_159' title='bbox 117 2221 157 2278; x_wconf 86' lang='lat' dir='ltr'><strong>ut</strong></span> <span class='ocrx_word' id='word_1_160' title='bbox 188 2215 294 2277; x_wconf 91' lang='lat' dir='ltr'><strong>filium</strong></span> <span class='ocrx_word' id='word_1_161' title='bbox 333 2217 599 2298; x_wconf 84' lang='lat' dir='ltr'><strong>complectantur,</strong></span> <span class='ocrx_word' id='word_1_162' title='bbox 638 2222 796 2295; x_wconf 83' lang='lat' dir='ltr'><strong>tanquam</strong></span> <span class='ocrx_word' id='word_1_163' title='bbox 839 2215 1053 2277; x_wconf 77' lang='lat' dir='ltr'><strong>sufficientem</strong></span> 
     </span>
     <span class='ocr_line' id='line_1_23' title="bbox 116 2303 1052 2386; baseline 0.001 -22"><span class='ocrx_word' id='word_1_164' title='bbox 116 2303 256 2366; x_wconf 83' lang='lat' dir='ltr'><strong>hostiam</strong></span> <span class='ocrx_word' id='word_1_165' title='bbox 278 2324 337 2385; x_wconf 90' lang='lat' dir='ltr'><strong>pro</strong></span> <span class='ocrx_word' id='word_1_166' title='bbox 359 2305 508 2386; x_wconf 89' lang='lat' dir='ltr'><strong>peccatis,</strong></span> <span class='ocrx_word' id='word_1_167' title='bbox 532 2325 598 2386; x_wconf 89' lang='lat' dir='ltr'><strong>qua</strong></span> <span class='ocrx_word' id='word_1_168' title='bbox 620 2306 689 2368; x_wconf 89' lang='lat' dir='ltr'><strong>sola</strong></span> <span class='ocrx_word' id='word_1_169' title='bbox 710 2311 801 2386; x_wconf 88' lang='lat' dir='ltr'><strong>pater</strong></span> <span class='ocrx_word' id='word_1_170' title='bbox 827 2303 962 2369; x_wconf 87' lang='lat' dir='ltr'><strong>voluerit</strong></span> <span class='ocrx_word' id='word_1_171' title='bbox 987 2303 1052 2384; x_wconf 86' lang='lat' dir='ltr'><strong>pla·</strong></span> 
     </span>
     <span class='ocr_line' id='line_1_24' title="bbox 116 2393 1052 2474; baseline 0.001 -21"><span class='ocrx_word' id='word_1_172' title='bbox 116 2393 188 2455; x_wconf 85' lang='lat' dir='ltr'><strong>cari.</strong></span> <span class='ocrx_word' id='word_1_173' title='bbox 225 2393 308 2455; x_wconf 78' lang='lat' dir='ltr'><strong>=Hac</strong></span> <span class='ocrx_word' id='word_1_174' title='bbox 336 2394 455 2456; x_wconf 89' lang='lat' dir='ltr'><strong>fiducia</strong></span> <span class='ocrx_word' id='word_1_175' title='bbox 482 2394 709 2474; x_wconf 83' lang='lat' dir='ltr'><strong>consequimur</strong></span> <span class='ocrx_word' id='word_1_176' title='bbox 739 2393 960 2456; x_wconf 87' lang='lat' dir='ltr'><strong>remissionem</strong></span> <span class='ocrx_word' id='word_1_177' title='bbox 987 2412 1052 2454; x_wconf 92' lang='lat' dir='ltr'><strong>om·</strong></span> 
     </span>
     <span class='ocr_line' id='line_1_25' title="bbox 116 2481 1053 2563; baseline 0.001 -21"><span class='ocrx_word' id='word_1_178' title='bbox 116 2481 207 2542; x_wconf 91' lang='lat' dir='ltr'><strong>nium</strong></span> <span class='ocrx_word' id='word_1_179' title='bbox 241 2488 447 2563; x_wconf 87' lang='lat' dir='ltr'><strong>peccatorum</strong></span> <span class='ocrx_word' id='word_1_180' title='bbox 481 2488 514 2546; x_wconf 89' lang='lat' dir='ltr'><strong>et</strong></span> <span class='ocrx_word' id='word_1_181' title='bbox 547 2483 684 2546; x_wconf 84' lang='lat' dir='ltr'><strong>libenter</strong></span> <span class='ocrx_word' id='word_1_182' title='bbox 717 2481 911 2562; x_wconf 87' lang='lat' dir='ltr'><strong>redemptori</strong></span> <span class='ocrx_word' id='word_1_183' title='bbox 944 2487 1053 2544; x_wconf 86' lang='lat' dir='ltr'><strong>nostro</strong></span> 
     </span>
     <span class='ocr_line' id='line_1_26' title="bbox 116 2570 1051 2652; baseline 0 -20"><span class='ocrx_word' id='word_1_184' title='bbox 116 2589 267 2650; x_wconf 88' lang='lat' dir='ltr'><strong>paremus</strong></span> <span class='ocrx_word' id='word_1_185' title='bbox 289 2571 417 2634; x_wconf 87' lang='lat' dir='ltr'><strong>vocanti</strong></span> <span class='ocrx_word' id='word_1_186' title='bbox 439 2591 499 2634; x_wconf 91' lang='lat' dir='ltr'><strong>nos</strong></span> <span class='ocrx_word' id='word_1_187' title='bbox 522 2571 563 2634; x_wconf 87' lang='lat' dir='ltr'><strong>ad</strong></span> <span class='ocrx_word' id='word_1_188' title='bbox 591 2571 807 2652; x_wconf 88' lang='lat' dir='ltr'><strong>baptismum,</strong></span> <span class='ocrx_word' id='word_1_189' title='bbox 839 2570 880 2632; x_wconf 90' lang='lat' dir='ltr'><strong>ad</strong></span> <span class='ocrx_word' id='word_1_190' title='bbox 907 2571 1051 2645; x_wconf 89' lang='lat' dir='ltr'><strong>verbum,</strong></span> 
     </span>
     <span class='ocr_line' id='line_1_27' title="bbox 116 2658 1050 2736; baseline -0.001 -16"><span class='ocrx_word' id='word_1_191' title='bbox 116 2658 158 2720; x_wconf 86' lang='lat' dir='ltr'><strong>ad</strong></span> <span class='ocrx_word' id='word_1_192' title='bbox 181 2678 315 2721; x_wconf 87' lang='lat' dir='ltr'><strong>coenam</strong></span> <span class='ocrx_word' id='word_1_193' title='bbox 338 2679 441 2736; x_wconf 90' lang='lat' dir='ltr'><strong>suam,</strong></span> <span class='ocrx_word' id='word_1_194' title='bbox 464 2659 582 2723; x_wconf 87' lang='lat' dir='ltr'><strong>deinde</strong></span> <span class='ocrx_word' id='word_1_195' title='bbox 603 2659 746 2725; x_wconf 84' lang='lat' dir='ltr'><strong>hortanti</strong></span> <span class='ocrx_word' id='word_1_196' title='bbox 769 2658 811 2720; x_wconf 89' lang='lat' dir='ltr'><strong>ad</strong></span> <span class='ocrx_word' id='word_1_197' title='bbox 837 2659 1050 2721; x_wconf 85' lang='lat' dir='ltr'><strong>dilectionem.</strong></span> 
     </span>
     <span class='ocr_line' id='line_1_28' title="bbox 115 2746 1053 2830; baseline -0.001 -22"><span class='ocrx_word' id='word_1_198' title='bbox 115 2747 320 2810; x_wconf 69' lang='lat' dir='ltr'><strong>adiuvamur</strong></span> <span class='ocrx_word' id='word_1_199' title='bbox 342 2754 451 2812; x_wconf 84' lang='lat' dir='ltr'><strong>autem</strong></span> <span class='ocrx_word' id='word_1_200' title='bbox 473 2768 531 2830; x_wconf 89' lang='lat' dir='ltr'><strong>per</strong></span> <span class='ocrx_word' id='word_1_201' title='bbox 553 2748 704 2830; x_wconf 87' lang='lat' dir='ltr'><strong>spiritum</strong></span> <span class='ocrx_word' id='word_1_202' title='bbox 724 2753 881 2822; x_wconf 88' lang='lat' dir='ltr'><strong>sanctum,</strong></span> <span class='ocrx_word' id='word_1_203' title='bbox 905 2753 942 2808; x_wconf 90' lang='lat' dir='ltr'><strong>ut</strong></span> <span class='ocrx_word' id='word_1_204' title='bbox 957 2746 1053 2808; x_wconf 88' lang='lat' dir='ltr'><strong>corda</strong></span> 
     </span>
     <span class='ocr_line' id='line_1_29' title="bbox 114 2833 1052 2919; baseline -0.003 -22"><span class='ocrx_word' id='word_1_205' title='bbox 114 2842 240 2900; x_wconf 86' lang='lat' dir='ltr'><strong>mutata</strong></span> <span class='ocrx_word' id='word_1_206' title='bbox 262 2837 422 2918; x_wconf 88' lang='lat' dir='ltr'><strong>incipiant</strong></span> <span class='ocrx_word' id='word_1_207' title='bbox 445 2837 550 2900; x_wconf 89' lang='lat' dir='ltr'><strong>odisse</strong></span> <span class='ocrx_word' id='word_1_208' title='bbox 573 2843 742 2919; x_wconf 89' lang='lat' dir='ltr'><strong>peccatum</strong></span> <span class='ocrx_word' id='word_1_209' title='bbox 765 2854 825 2897; x_wconf 89' lang='lat' dir='ltr'><strong>nec</strong></span> <span class='ocrx_word' id='word_1_210' title='bbox 848 2833 986 2914; x_wconf 91' lang='lat' dir='ltr'><strong>amplius</strong></span> <span class='ocrx_word' id='word_1_211' title='bbox 1001 2834 1052 2913; x_wconf 60' lang='lat' dir='ltr'><strong>uel</strong></span> 
     </span>
     <span class='ocr_line' id='line_1_30' title="bbox 114 2923 1054 3006; baseline -0.003 -20"><span class='ocrx_word' id='word_1_212' title='bbox 114 2924 307 3004; x_wconf 84' lang='lat' dir='ltr'><strong>indulgeant</strong></span> <span class='ocrx_word' id='word_1_213' title='bbox 328 2931 458 3006; x_wconf 83' lang='lat' dir='ltr'><strong>peccato</strong></span> <span class='ocrx_word' id='word_1_214' title='bbox 480 2927 530 2990; x_wconf 89' lang='lat' dir='ltr'><strong>vel</strong></span> <span class='ocrx_word' id='word_1_215' title='bbox 553 2927 763 3000; x_wconf 88' lang='lat' dir='ltr'><strong>delectentur,</strong></span> <span class='ocrx_word' id='word_1_216' title='bbox 795 2923 878 2986; x_wconf 88' lang='lat' dir='ltr'><strong>sicut</strong></span> <span class='ocrx_word' id='word_1_217' title='bbox 899 2927 993 2984; x_wconf 90' lang='lat' dir='ltr'><strong>antea</strong></span> <span class='ocrx_word' id='word_1_218' title='bbox 1021 2928 1054 2984; x_wconf 89' lang='lat' dir='ltr'><strong>et</strong></span> 
     </span>
     <span class='ocr_line' id='line_1_31' title="bbox 114 3011 1051 3078; baseline -0.005 -2"><span class='ocrx_word' id='word_1_219' title='bbox 114 3033 244 3076; x_wconf 90' lang='lat' dir='ltr'><strong>summo</strong></span> <span class='ocrx_word' id='word_1_220' title='bbox 268 3014 376 3076; x_wconf 87' lang='lat' dir='ltr'><strong>studio</strong></span> <span class='ocrx_word' id='word_1_221' title='bbox 399 3034 529 3077; x_wconf 89' lang='lat' dir='ltr'><strong>omnem</strong></span> <span class='ocrx_word' id='word_1_222' title='bbox 552 3035 644 3078; x_wconf 87' lang='lat' dir='ltr'><strong>suam</strong></span> <span class='ocrx_word' id='word_1_223' title='bbox 667 3015 768 3078; x_wconf 88' lang='lat' dir='ltr'><strong>vitam</strong></span> <span class='ocrx_word' id='word_1_224' title='bbox 791 3012 832 3074; x_wconf 92' lang='lat' dir='ltr'><strong>ad</strong></span> <span class='ocrx_word' id='word_1_225' title='bbox 854 3031 963 3076; x_wconf 85' lang='lat' dir='ltr'><strong>veram</strong></span> <span class='ocrx_word' id='word_1_226' title='bbox 981 3011 1051 3072; x_wconf 91' lang='lat' dir='ltr'><strong>obe·</strong></span> 
     </span>
     <span class='ocr_line' id='line_1_32' title="bbox 114 3099 1053 3166; baseline -0.004 -2"><span class='ocrx_word' id='word_1_227' title='bbox 114 3101 274 3165; x_wconf 87' lang='lat' dir='ltr'><strong>dientiam</strong></span> <span class='ocrx_word' id='word_1_228' title='bbox 302 3101 357 3165; x_wconf 90' lang='lat' dir='ltr'><strong>dei</strong></span> <span class='ocrx_word' id='word_1_229' title='bbox 385 3103 560 3166; x_wconf 82' lang='lat' dir='ltr'><strong>conferant.</strong></span> <span class='ocrx_word' id='word_1_230' title='bbox 618 3099 669 3165; x_wconf 88' lang='lat' dir='ltr'><strong>Ita</strong></span> <span class='ocrx_word' id='word_1_231' title='bbox 701 3101 913 3165; x_wconf 89' lang='lat' dir='ltr'><strong>iustificamur</strong></span> <span class='ocrx_word' id='word_1_232' title='bbox 946 3118 1053 3162; x_wconf 87' lang='lat' dir='ltr'><strong>coram</strong></span> 
     </span>
     <span class='ocr_line' id='line_1_33' title="bbox 114 3190 1052 3274; baseline -0.001 -22"><span class='ocrx_word' id='word_1_233' title='bbox 114 3191 176 3253; x_wconf 89' lang='lat' dir='ltr'><strong>deo</strong></span> <span class='ocrx_word' id='word_1_234' title='bbox 190 3191 255 3254; x_wconf 89' lang='lat' dir='ltr'><strong>fide</strong></span> <span class='ocrx_word' id='word_1_235' title='bbox 267 3191 304 3252; x_wconf 90' lang='lat' dir='ltr'><strong>in</strong></span> <span class='ocrx_word' id='word_1_236' title='bbox 316 3191 479 3254; x_wconf 84' lang='lat' dir='ltr'><strong>Christum</strong></span> <span class='ocrx_word' id='word_1_237' title='bbox 494 3198 528 3254; x_wconf 89' lang='lat' dir='ltr'><strong>et</strong></span> <span class='ocrx_word' id='word_1_238' title='bbox 537 3191 714 3272; x_wconf 88' lang='lat' dir='ltr'><strong>accipimus</strong></span> <span class='ocrx_word' id='word_1_239' title='bbox 730 3190 879 3274; x_wconf 88' lang='lat' dir='ltr'><strong>spiritum</strong></span> <span class='ocrx_word' id='word_1_240' title='bbox 894 3195 1052 3264; x_wconf 86' lang='lat' dir='ltr'><strong>sanctum,</strong></span> 
     </span>
     <span class='ocr_line' id='line_1_34' title="bbox 115 3278 1054 3360; baseline -0.003 -18"><span class='ocrx_word' id='word_1_241' title='bbox 115 3279 173 3359; x_wconf 91' lang='lat' dir='ltr'><strong>qui</strong></span> <span class='ocrx_word' id='word_1_242' title='bbox 193 3281 329 3343; x_wconf 89' lang='lat' dir='ltr'><strong>inchoat</strong></span> <span class='ocrx_word' id='word_1_243' title='bbox 350 3281 385 3342; x_wconf 91' lang='lat' dir='ltr'><strong>in</strong></span> <span class='ocrx_word' id='word_1_244' title='bbox 407 3281 501 3343; x_wconf 89' lang='lat' dir='ltr'><strong>nobis</strong></span> <span class='ocrx_word' id='word_1_245' title='bbox 517 3280 735 3343; x_wconf 88' lang='lat' dir='ltr'><strong>obedientiam</strong></span> <span class='ocrx_word' id='word_1_246' title='bbox 751 3300 825 3360; x_wconf 87' lang='lat' dir='ltr'><strong>erga</strong></span> <span class='ocrx_word' id='word_1_247' title='bbox 840 3279 946 3342; x_wconf 92' lang='lat' dir='ltr'><strong>deum.</strong></span> <span class='ocrx_word' id='word_1_248' title='bbox 983 3278 1054 3342; x_wconf 80' lang='lat' dir='ltr'><strong>Etsi</strong></span> 
     </span>
     <span class='ocr_line' id='line_1_35' title="bbox 150 3368 1054 3451; baseline -0.001 -22"><span class='ocrx_word' id='word_1_249' title='bbox 150 3375 225 3430; x_wconf 82' lang='lat' dir='ltr'><strong>rtem</strong></span> <span class='ocrx_word' id='word_1_250' title='bbox 254 3374 386 3451; x_wconf 85' lang='lat' dir='ltr'><strong>propter</strong></span> <span class='ocrx_word' id='word_1_251' title='bbox 419 3369 571 3449; x_wconf 90' lang='lat' dir='ltr'><strong>reliquias</strong></span> <span class='ocrx_word' id='word_1_252' title='bbox 604 3369 728 3450; x_wconf 89' lang='lat' dir='ltr'><strong>peccati</strong></span> <span class='ocrx_word' id='word_1_253' title='bbox 761 3369 797 3430; x_wconf 92' lang='lat' dir='ltr'><strong>in</strong></span> <span class='ocrx_word' id='word_1_254' title='bbox 830 3387 938 3446; x_wconf 87' lang='lat' dir='ltr'><strong>carne,</strong></span> <span class='ocrx_word' id='word_1_255' title='bbox 974 3368 1054 3429; x_wconf 88' lang='lat' dir='ltr'><strong>haec</strong></span> 
     </span>
     <span class='ocr_line' id='line_1_36' title="bbox 150 3453 1052 3538; baseline 0 -21"><span class='ocrx_word' id='word_1_256' title='bbox 150 3453 285 3537; x_wconf 79' lang='lat' dir='ltr'><strong>inquam</strong></span> <span class='ocrx_word' id='word_1_257' title='bbox 308 3458 450 3538; x_wconf 83' lang='lat' dir='ltr'><strong>perfecta</strong></span> <span class='ocrx_word' id='word_1_258' title='bbox 471 3465 528 3534; x_wconf 88' lang='lat' dir='ltr'><strong>est,</strong></span> <span class='ocrx_word' id='word_1_259' title='bbox 552 3464 663 3520; x_wconf 91' lang='lat' dir='ltr'><strong>tamen</strong></span> <span class='ocrx_word' id='word_1_260' title='bbox 685 3456 772 3537; x_wconf 94' lang='lat' dir='ltr'><strong>quod</strong></span> <span class='ocrx_word' id='word_1_261' title='bbox 794 3456 830 3519; x_wconf 92' lang='lat' dir='ltr'><strong>in</strong></span> <span class='ocrx_word' id='word_1_262' title='bbox 853 3477 890 3520; x_wconf 89' lang='lat' dir='ltr'><strong>ea</strong></span> <span class='ocrx_word' id='word_1_263' title='bbox 908 3457 979 3522; x_wconf 86' lang='lat' dir='ltr'><strong>vitii</strong></span> <span class='ocrx_word' id='word_1_264' title='bbox 995 3463 1052 3532; x_wconf 85' lang='lat' dir='ltr'><strong>est,</strong></span> 
     </span>
     <span class='ocr_line' id='line_1_37' title="bbox 154 3547 900 3627; baseline 0.012 -20"><span class='ocrx_word' id='word_1_265' title='bbox 154 3565 177 3607; x_wconf 83' lang='lat' dir='ltr'><strong>c</strong></span> <span class='ocrx_word' id='word_1_266' title='bbox 200 3547 378 3627; x_wconf 90' lang='lat' dir='ltr'><strong>perfidem</strong></span> <span class='ocrx_word' id='word_1_267' title='bbox 400 3547 436 3608; x_wconf 90' lang='lat' dir='ltr'><strong>in</strong></span> <span class='ocrx_word' id='word_1_268' title='bbox 459 3547 622 3609; x_wconf 80' lang='lat' dir='ltr'><strong>Christum</strong></span> <span class='ocrx_word' id='word_1_269' title='bbox 646 3547 841 3612; x_wconf 86' lang='lat' dir='ltr'><strong>absorbetur.</strong></span> <span class='ocrx_word' id='word_1_270' title='bbox 897 3609 900 3616; x_wconf 92' lang='grc'><em>,</em></span> 
     </span>
    </p>
   </div>
   <div class='ocr_carea' id='block_1_5' title="bbox 208 3737 719 3807">
    <p class='ocr_par' dir='ltr' id='par_1_6' title="bbox 208 3737 719 3807">
     <span class='ocr_line' id='line_1_38' title="bbox 208 3737 719 3807; baseline 0.004 -17"><span class='ocrx_word' id='word_1_271' title='bbox 208 3737 234 3806; x_wconf 87' lang='grc'><strong>1)</strong></span> <span class='ocrx_word' id='word_1_272' title='bbox 254 3739 371 3793; x_wconf 80' lang='lat' dir='ltr'><strong>Summa</strong></span> <span class='ocrx_word' id='word_1_273' title='bbox 389 3739 530 3807; x_wconf 83' lang='lat' dir='ltr'><strong>evangelii</strong></span> <span class='ocrx_word' id='word_1_274' title='bbox 548 3755 585 3794; x_wconf 87' lang='lat' dir='ltr'><strong>ex</strong></span> <span class='ocrx_word' id='word_1_275' title='bbox 603 3739 628 3792; x_wconf 81' lang='lat'><strong>2.</strong></span> <span class='ocrx_word' id='word_1_276' title='bbox 647 3740 719 3807; x_wconf 79' lang='lat' dir='ltr'><strong>psal.</strong></span> 
     </span>
    </p>
   </div>
   <div class='ocr_carea' id='block_1_6' title="bbox 0 0 1296 4267">
    <p class='ocr_par' dir='ltr' id='par_1_7' title="bbox 0 0 1296 4267">
     <span class='ocr_line' id='line_1_39' title="bbox 0 0 1296 4267; baseline 0 3"><span class='ocrx_word' id='word_1_277' title='bbox 0 0 1296 4267; x_wconf 95' lang='lat' dir='ltr'><strong> </strong></span> 
     </span>
    </p>
   </div>
  </div>
 </body>
</html>
