2584 4267
988 299 1459 377 Prolegomena.
2077 298 2159 361 47
2179 278 2183 281 ’

285 477 857 557 complectentium
911 474 1345 554 designarunt.
1440 476 1542 538 Sic
1603 476 1846 538 factum
1906 483 2027 552 est,
2093 485 2165 539 ut

281 569 442 629 haee
502 565 786 629 cellectio
842 565 1141 644 princeps
1197 565 1571 643 margaritas
1632 564 1843 627 adhuc
1899 566 1968 627 in
2015 586 2163 645 agro

285 657 570 717 occultas
630 657 762 717 iam
820 658 1110 715 exaratas
1170 659 1363 733 atque
1418 652 1776 717 reconditas
1835 654 1905 716 in
1972 674 2163 716 usum

285 761 702 805 crinununem
750 748 942 821 queat
987 754 1357 823 proponere.

474 833 718 905 Restat.
782 836 855 893 ut
899 829 979 892 de
1026 831 1429 893 institutione
1448 890 1458 901 ,
1475 832 1800 911 sequentis
1847 852 2163 895 commen·

285 921 550 985 tationis
622 921 690 981 in
750 917 790 981 J
794 918 1042 981 ohelem
1111 920 1492 999 prophetam
1560 940 1766 1002 pauca
1825 920 2160 983 addantur.

285 1013 365 1073 In
393 1017 766 1073 contextum
794 1008 998 1089 recepi
1021 1006 1256 1071 codicis
1280 1009 1807 1090 Altenburgensis
1831 1010 2165 1072 materiam

289 1101 722 1161 immutatam.
815 1095 1014 1160 Notas
1073 1098 1143 1159 in
1198 1098 1598 1177 marginibus
1644 1098 1879 1162 codicis
1924 1099 2165 1180 positas

289 1189 502 1269 primo
562 1189 698 1249 loco
770 1189 838 1249 in
904 1186 1191 1265 margine
1260 1187 1454 1250 huius
1514 1187 1812 1250 editionis
1872 1188 2166 1250 ulteriore

285 1277 606 1337 asteriscis
702 1274 1088 1353 quibusdam
1180 1277 1463 1355 signatas
1545 1276 1862 1339 collocavi.
1988 1277 2166 1349 Quae

285 1365 574 1425 secundo
634 1365 770 1425 loco
831 1366 1114 1426 numeris
1175 1364 1444 1427 arabicis
1513 1364 1815 1428 denotata
1869 1365 2169 1445 leguntur

287 1453 502 1517 rii-riae
530 1453 830 1517 lectiones
855 1459 1007 1515 sunt
1030 1451 1328 1516 editionis
1361 1472 1559 1532 quam
1590 1454 1887 1517 novimus
1919 1454 2164 1528 unicae,

289 1545 394 1605 rui
446 1541 841 1605 inscribitur:

972 1664 1500 1740 „ENARRATIO

714 1757 786 1813 D.
838 1753 1197 1815 MARTINI
1242 1754 1624 1816 LVTHERI
1669 1755 1757 1815 IN

853 1841 1079 1902 TRES·
1108 1842 1618 1917 PROPHETAS,

1038 1945 1044 1950 ·
1086 1931 1388 2006 Iohelem‚

1091 2021 1309 2093 AmoS,
1346 2020 1394 2079 δι

1090 2107 1389 2169 Abdiam.
1821 2173 1824 2177 .

702 2197 879 2259 Nunc
912 2198 1188 2278 primum
1232 2199 1298 2257 in
1344 2195 1530 2257 lucem
1576 2196 1771 2258 oedita.

670 2282 1055 2346 ACCESSIT
1114 2284 1554 2346 AEDITIONI
1610 2284 1821 2346 HVIC

858 2372 1054 2435 Index
1099 2372 1612 2455 locupletissimus,

797 2461 1409 2537 ARGENTORATI,
1459 2462 1688 2524 ANNO

956 2550 1042 2610 M.
1071 2550 1145 2610 D.
1174 2550 1525 2611 XXXVI.“

482 2641 554 2701 111
606 2641 758 2701 fine-2

622 2726 1260 2805 „ARGENTORATI
1306 2729 1532 2789 APVD
1578 2727 1865 2790 IOHAN.

634 2817 971 2888 Aina-tum,
1016 2815 1219 2890 Amw,
1269 2817 1355 2876 M.
1384 2817 1459 2876 D.
1488 2816 1836 2879 XXXVI.“

297 2981 474 3041 quae
534 2969 819 3021 serretur
877 2960 946 3020 in
1007 2957 1394 3020 bibliot-heca
1452 2959 1752 3022 Gothana
1810 2957 2051 3032 ducali,
2114 2964 2177 3019 et

297 3073 385 3113 ex
450 3049 630 3109 cuius
694 3047 1082 3129 praefatione
1143 3066 1308 3126 quae
1363 3046 1509 3109 sciri
1569 3046 1946 3126 dignissima
2003 3050 2173 3120 sunt,

297 3141 373 3197 iu
438 3137 905 3217 prolegomenis
966 3135 1047 3197 ad
1094 3135 1375 3197 Abdiam
1433 3136 1812 3216 prophetam
1873 3136 2176 3197 allaturus

293 3245 470 3289 sum.

486 3313 662 3385 Quae
770 3313 1045 3392 denique
1146 3314 1478 3377 cruciculis
1581 3313 1969 3376 denotantur
2069 3314 2180 3375 illa

305 3405 550 3481 glossas
598 3403 977 3481 marginales
1024 3422 1159 3464 esse
1220 3404 1383 3465 scias
1438 3402 1823 3464 collectionis
1870 3402 2176 3477 Ienensis,

329 3493 490 3553 {nius
542 3493 610 3553 in
658 3501 831 3553 torno
877 3491 992 3552 ΠΙ.
1055 3491 1369 3571 (priorum
1428 3490 1788 3554 editionum
1833 3510 1976 3572 pag.
2029 3488 2177 3565 497,

305 3581 478 3641 ullius
526 3581 606 3641 tle
662 3599 827 3642 auno
875 3579 1332 3641 MDLXXXII.
1395 3579 1501 3642 fol.
1554 3578 1992 3654 478b-494)
2039 3598 2178 3639 con-

305 3677 526 3729 textus
606 3668 901 3733 editionis
969 3669 1277 3749 principis
1349 3667 1427 3729 de
1506 3688 1674 3730 anno
1743 3665 2177 3728 MDXXXVI.

301 3757 634 3837 repetit-ur.
