2584 4267
434 236 562 300 502
1126 240 1598 319 Prolegomena.

519 416 953 497 spiritualium
1006 435 1222 479 rerum
1280 414 1725 493 doctissimus,
1789 438 1936 480 eam
1997 418 2318 482 rationem

518 526 775 585 secutus
829 528 928 586 est
946 573 960 599 ,
1009 542 1174 603 quae
1228 522 1529 605 exemplo
1575 542 1714 585 esse
1759 524 1966 606 possit
2016 526 2317 606 diligenti

519 628 841 709 Theologo
888 630 1086 693 totius
1116 628 1480 711 Scripturas
1526 631 1931 694 commodius
1962 638 2028 694 et
2060 634 2317 694 fannius

520 735 910 799 tractandae.
1045 736 1214 810 Quia
1295 740 1515 800 autem
1583 756 1796 817 neque
1863 737 1988 800 ocii
2056 746 2313 802 tantum

517 847 662 904 tum
706 841 965 922 publica
983 891 997 918 ,
1068 849 1212 906 tum
1271 843 1524 925 privata
1582 843 1849 924 negocia
1890 842 2309 922 reliquerunt,

522 966 642 1010 nec
685 948 826 1029 ipse
871 948 956 1010 ob
1001 952 1279 1010 aetatem
1336 956 1402 1013 et
1446 949 1612 1014 vires
1659 950 2004 1012 exhaustas
2052 958 2309 1014 tantum

517 1053 754 1117 laboris
816 1055 1136 1136 suscipere
1180 1057 1397 1137 potuit
1414 1107 1428 1134 ,
1499 1063 1575 1120 ut
1635 1056 1864 1120 eodem
1919 1058 2112 1118 modo
2172 1058 2309 1118 reli-

515 1181 680 1240 quos
773 1160 1124 1244 Prophetas
1214 1162 1770 1244 interpretaretur:
1856 1161 2313 1226 existimarunt

517 1266 787 1346 quidam
841 1268 1142 1331 ecclesiae
1188 1268 1543 1350 plurimum
1588 1268 1999 1350 profiturum,
2076 1270 2164 1342 si,
2236 1276 2313 1330 ut

516 1372 587 1434 in
643 1375 862 1436 schola
919 1375 1485 1456 Vuittenbergensi
1557 1373 1814 1456 publice
1877 1374 2176 1455 praelecti
2248 1382 2313 1438 et

516 1500 556 1540 a
620 1478 922 1542 studiosis
992 1482 1245 1564 excepti
1315 1488 1496 1558 sunt,
1586 1480 2048 1561 emitterentur÷
2168 1482 2309 1542 Etsi

516 1585 693 1648 enim
738 1585 1098 1667 diligentia,
1162 1606 1293 1667 qua
1353 1587 1425 1649 in
1471 1587 1809 1675 scribendo
1834 1586 2164 1667 singulari
2212 1586 2309 1646 uti

514 1694 677 1756 solet
690 1743 704 1769 ,
763 1700 829 1757 et
885 1694 1073 1776 copia
1115 1693 1247 1775 ista·
1283 1693 1514 1776 ingens
1558 1712 1774 1756 rerum
1819 1713 1951 1773 qua
1993 1690 2309 1766 abundat,

516 1801 587 1862 in
647 1799 727 1862 iis
787 1799 1325 1878 desiderarentur,
1398 1797 1592 1884 (Nam
1647 1820 1859 1881 neque
1917 1798 2128 1878 excipi
2176 1818 2301 1858 nm-

516 1906 626 1968 nia
693 1913 985 1988 possunt,
1056 1927 1175 1971 nec
1242 1913 1319 1970 ut
1381 1907 1666 1973 maxime
1730 1910 1999 1986 excepta
2068 1914 2305 1982 essent,

513 2012 787 2075 eandem
830 2014 1104 2094 gratiam
1151 2021 1216 2078 et
1253 2013 1639 2095 dignitatem
1669 2034 1752 2077 ex
1781 2018 2068 2094 tempore
2100 2010 2309 2074 effusa

517 2120 818 2182 habitura
866 2127 1050 2184 erant
1063 2171 1077 2197 ,
1140 2141 1341 2203 quam
1394 2121 1521 2184 ista
1579 2119 1827 2183 habent
1842 2170 1857 2196 ,
1929 2138 2092 2199 quas
2148 2126 2310 2202 sunt

515 2223 810 2305 diligenti
885 2227 1268 2308 cogitatione
1336 2233 1404 2290 et
1469 2226 1710 2290 iudicio
1786 2227 1916 2289 acri
1991 2226 2309 2306 expensa]

511 2336 733 2392 tamen
814 2330 938 2394 hoc
1005 2334 1226 2414 magni
1294 2332 1593 2396 beneficii
1658 2333 1796 2396 loco
1865 2334 2020 2414 poni
2088 2330 2305 2402 debet,

513 2455 715 2497 unam
782 2442 846 2498 et
910 2436 1272 2519 simplicem
1343 2438 1599 2503 ostendi
1658 2438 2064 2514 sententiam,
2140 2458 2305 2518 quas

511 2543 971 2626 prophetarum
1040 2545 1437 2611 obscuriores
1493 2545 1669 2609 locos
1723 2545 1999 2621 evolvat,
2060 2550 2124 2606 st
2184 2546 2305 2606 uti*

417 2640 422 2644 ’
509 2651 656 2714 liter
714 2649 797 2713 ad
858 2656 1077 2714 nostra
1134 2671 1393 2733 quoque
1451 2659 1746 2734 tempora
1798 2650 2004 2734 possit
2060 2670 2305 2714 accom-

513 2757 783 2822 modari.
900 2757 1123 2822 Monet
1193 2757 1372 2822 enim
1444 2778 1562 2822 nos
1623 2779 1756 2822 non
1803 2758 2012 2823 solum
2072 2758 2309 2838 prioris

515 2865 714 2929 seculi
771 2863 1054 2940 inscitia,
1127 2884 1256 2945 quo
1319 2865 1415 2930 illi
1474 2865 1595 2930 soli
1656 2865 1889 2949 optimi
1950 2866 2307 2946 scripturas

509 2972 887 3052 interpretes
933 2968 1387 3036 indicabantur
1403 3021 1419 3050 ‚
1469 2974 1585 3054 qui
1629 2973 1699 3036 in
1745 2992 1944 3053 quam
1988 2970 2305 3051 plurimas

512 3078 751 3142 formas
811 3077 1267 3142 transformare
1325 3100 1470 3144 eam
1528 3083 1853 3161 poterant,
1929 3078 2040 3138 sed
2104 3074 2305 3138 stiam

510 3185 873 3266 praesentia
900 3190 1194 3266 tempora
1221 3185 1578 3267 plurimum
1616 3185 1687 3246 in
1717 3190 1798 3245 eo'
1821 3200 1961 3245 esse
1990 3182 2301 3264 positum,

509 3290 569 3353 si
618 3310 994 3372 germanam
1065 3296 1130 3354 et
1191 3290 1520 3373 propriam
1573 3289 1960 3353 sententiam
2028 3287 2305 3350 alisuius

510 3398 637 3460 loci
702 3398 963 3461 habeas.
1092 3397 1283 3471 Quod
1365 3415 1516 3461 cum
1582 3396 1654 3459 in
1721 3396 1993 3458 aliarum
2064 3398 2240 3458 artiu

511 3502 845 3568 autoribus
902 3503 1123 3566 fideles
1177 3503 1475 3584 magistri
1558 3507 1876 3584 spectent,
1943 3502 2096 3583 quis
2172 3526 2240 3566 nt

508 3610 688 3675 videt
730 3609 802 3674 in
832 3609 1027 3674 sacris
1054 3609 1256 3673 literis
1286 3629 1434 3673 eam
1462 3609 1877 3691 praecipuam
1886 3612 2132 3672 ‘curam
2164 3630 2216 3670 ffl

509 3717 788 3781 debere?
846 3716 963 3780 ubi
1009 3714 1212 3778 animi
1256 3717 1415 3780 certi
1458 3714 1704 3796 aliquid
1749 3715 2120 3796 requirunt,
2172 3738 2232 3798 q*
