2584 4267
413 266 497 327 10
1082 265 1291 345 Caput
1334 267 1622 345 primum

891 474 900 486 ·
997 442 1195 506 Periit
1239 442 1643 506 sacrificium.
1657 436 1682 473 ¹

407 548 611 628 gloria
654 553 891 624 vestra,
929 548 1023 611 .id
1068 555 1189 612 est:
1253 549 1467 622 cultus
1519 547 1631 611 ille
1686 546 1947 609 divinus
1993 566 2106 626 per
2151 566 2280 609 ver-

370 637 567 699 ‘bum
635 636 741 699 dei
808 636 1164 701 institutus,
1242 638 1356 699 ille
1425 655 1681 717 quoque
1746 635 2028 715 patietur
2093 633 2280 697 detri-

408 731 702 787 mentum
794 726 951 805 quia
1037 746 1167 788 non
1257 726 1591 788 habebunt
1665 723 2020 786 sacerdotes
2108 722 2282 803 quod

408 814 677 876 offerent
720 820 836 877 etc.
898 814 1226 894 primitiae
1281 814 1458 877 enim
1513 813 1942 875 offerebantur
1995 811 2115 875 deo
2160 816 2277 875 etc.

1011 960 1510 1038 Sacrificium
1555 979 1670 1036 ete.

341 1148 348 1153 ,
406 1086 482 1143 ut
540 1080 828 1142 triticum
873 1085 989 1142 etc.
1038 1079 1388 1160 legumina,
1447 1078 1729 1141 solidum
1775 1076 2075 1157 quodque
2122 1083 2274 1140 erat.

406 1168 519 1229 lib
536 1169 694 1230 atio
742 1174 876 1230 erat
921 1167 1095 1247 quod
1140 1168 1532 1231 fundebatur
1574 1172 1650 1229 ut
1679 1167 1896 1229 oleum
1934 1173 2000 1229 et
2027 1166 2275 1228 vinum.

406 1256 650 1319 Peribit
694 1276 840 1336 ergo
884 1257 1007 1319 hoo
1052 1256 1293 1337 duplex
1325 1256 1687 1319 sacrificum
1726 1253 2127 1318 sacerdotum
2159 1260 2276 1316 etc.

410 1345 786 1425 Amph'ficat
829 1346 988 1409 haec
1033 1345 1255 1413 omnia
1297 1352 1375 1407 ut
1419 1344 1502 1407 ad
1543 1343 2054 1424 resipiscentiam
2107 1362 2277 1405 revo-

406 1437 507 1496 cet
551 1439 667 1496 em
1114 1521 1538 1601 Depopulata,
1541 1514 1576 1575 .²

407 1627 500 1689 sic
543 1621 831 1689 vastatus
878 1634 975 1689 est
1020 1648 1183 1708 ager,

406 1715 632 1778 luxit
675 1722 923 1791 terra,
988 1716 1377 1796 quoniam
1423 1721 1839 1779 vastatum
1885 1720 2008 1777 est
2052 1715 2278 1777 triti·

408 1823 497 1866 cu
510 1824 581 1865 m
625 1803 729 1867 vel
774 1803 1193 1880 frumentum,

405 1892 746 1972 languet
790 1892 1093 1968 oleum,
1142 1893 1251 1957 δαὸ
1301 1891 1358 1956 ὂῑ
1401 1888 1468 1971 {ft
1510 1892 1689 1970 maht,

407 1980 835 2043 confusum
880 1987 1261 2065 mustum,
1309 1977 1581 2061 febenttitl)
1626 1978 1789 2061 {tebet
1832 1980 1926 2045 bet
1969 1977 2144 2045 mein:
2193 2014 2283 2024 —

409 2088 623 2131 merae
668 2069 960 2132 heroicae
1006 2071 1247 2149 figurae
1266 2092 1287 2131 2
1331 2104 1416 2113 -
1463 2067 1549 2134 &a
1594 2068 1758 2151 {tebet
1803 2068 1943 2135 ulless
1989 2066 2283 2150 febentlid).

836 2228 1086 2291 confusi
1133 2234 1286 2290 sunt
1332 2227 1642 2319 agricolae
1689 2234 1805 2291 etc.
1818 2222 1846 2260 ³

406 2331 516 2397 bas
563 2340 627 2397 es
671 2332 811 2414 mid)
857 2333 1037 2415 mocbt
1081 2333 1397 2399 erbertum.

405 2421 671 2499 periit
723 2423 1027 2484 messis
1084 2424 1291 2502 agri,
1355 2423 1482 2502 ipsi
1541 2413 1765 2486 vident
1824 2423 1998 2504 quod
2055 2424 2285 2487 messis

409 2510 592 2571 nulla
638 2509 855 2573 futura
901 2510 1003 2573 sit.

1050 2670 1260 2733 Vinea
1310 2669 1593 2733 confusa.
1605 2665 1636 2703 4

585 2775 756 2838 Vitis
802 2775 1069 2839 confusa
1113 2783 1226 2853 est,

409 2864 633 2927 ficus
681 2865 1045 2945 elanguit
1090 2872 1208 2929 etc

587 2952 1005 3016 Gaudium.
1109 2953 1283 3016 unde
1359 2953 1665 3017 deberent
1739 2954 2030 3034 gaudere.
2137 2955 2285 3017 Non

407 3040 695 3119 loquitur
740 3042 1053 3121 propheta
1096 3041 1177 3103 de
1207 3043 1448 3121 populo
1480 3042 1786 3117 human0‚
1835 3042 1948 3105 sed
1985 3043 2066 3105 de
2096 3051 2284 3123 gente

408 3129 795 3205 animalium
840 3131 1297 3209 populantium
1343 3150 1527 3210 agros
1573 3135 1638 3192 et
1681 3131 1902 3211 vineas
1950 3138 2064 3195 etc.

1027 3343 1040 3352 .
1107 3290 1193 3351 Et
1235 3289 1541 3369 plangite,
1554 3282 1582 3321 ⁵

406 3374 875 3438 lamentamini.

587 3463 745 3526 Cub
764 3471 906 3527 ate.
978 3466 1203 3546 jacete
1298 3466 1639 3554 Repetitio
1666 3465 1892 3530 eadem
1939 3467 2021 3531 ad
2064 3488 2285 3548 provo·

407 3550 679 3613 eandam
726 3547 1207 3631 poenitentiam.

588 3724 641 3793 1)
678 3742 732 3779 v.
770 3726 820 3778 9.
897 3726 953 3795 2>
990 3742 1043 3781 v.
1085 3726 1169 3781 10.
1243 3726 1300 3796 3)
1337 3744 1391 3783 v.
1431 3729 1515 3782 11.
1587 3728 1646 3798 4)
1689 3742 1742 3784 v.
1783 3730 1866 3785 12.
1928 3729 1996 3799 5)
2033 3747 2084 3785 v.
2127 3728 2210 3784 13.

2559 3271 2578 3450 ἰ
