2584 4267
208 277 273 342 472
529 284 534 297 “
549 277 654 360 Caput
667 242 798 341 nonum

207 451 375 538 0οῑοἰ000.ι
425 451 620 520 Praecedens
654 460 753 537 caput
786 454 917 536 proprie
951 453 1155 518 excisionem

95 623 97 627 y
208 545 300 626 regni
321 543 429 620 habet,
453 539 516 606 hoc
537 542 751 606 novissimum
773 543 901 625 proprie
924 543 967 606 ad
981 544 1155 608 interitum

209 632 378 697 sacerdotii
400 632 533 715 spectat,
557 635 595 732 00
617 630 800 696 videbimus
822 633 860 694 in
880 631 1013 696 visione.

209 793 341 856 Percute
364 791 529 854 cardinem
552 797 584 855 et
602 798 865 856 commoveantur
880 791 1150 874 superliminaria,

210 875 259 944 et²
292 880 394 944 secuit
420 881 485 960 (vel
513 879 622 959 scidit)
654 900 708 942 000
737 881 773 943 in
807 881 912 961 eapite
941 900 1054 943 omnes
1085 881 1153 960 (vel

365 967 527 1048 omnium)
550 975 583 1031 00
604 968 765 1049 reliquum
787 989 900 1033 eorum
922 965 1001 1032 etc*

298 1075 408 1140 Habet
433 1071 513 1138 haec
541 1073 638 1151 visio,
673 1074 921 1156 percutiendum
949 1095 1017 1139 esse
1039 1075 1151 1138 ‘cardi-

210 1186 299 1242 nem,
346 1183 411 1245 qua
452 1183 641 1245 percussura
678 1169 810 1244 crepent
859 1163 1156 1246 superliminaria.†

209 1255 282 1317 Hoc
304 1259 353 1317 est
374 1254 410 1315 in
433 1272 576 1316 summa:
601 1253 749 1332 frangam
765 1252 981 1316 sacerdotium
995 1258 1029 1315 et
1043 1258 1154 1315 totum

210 1343 355 1404 auferam
384 1361 450 1404 una
480 1360 554 1404 cum
584 1361 708 1421 regno,>
733 1347 765 1404 et
799 1341 954 1422 quicquid
984 1340 1154 1405 residuum

172 1497 177 1507 ,
212 1430 309 1497 fuerit
332 1429 372 1492 de
395 1429 525 1512 populo.
572 1429 624 1492 Sic
639 1427 812 1511 perditast
834 1427 968 1511 zmregno
995 1434 1028 1492 et
1050 1450 1152 1492 sacer·

148 1555 150 1559 2
210 1518 299 1581 dotio
327 1511 514 1598 vagabitur³
546 1516 670 1600 passim
692 1539 750 1600 per
778 1519 905 1596 orbem,
936 1517 1060 1581 nullam
1089 1524 1154 1581 sta-

209 1607 310 1669 bilem
354 1605 496 1670 habituri
542 1613 631 1686 sunt·
655 1608 874 1684 mansionem,
921 1607 979 1670 ubi
1008 1606 1155 1688 «possint

211 1691 410 1772 commorari,
435 1699 562 1777 semper
579 1696 765 1760 instabilem
780 1696 890 1759 sedem
906 1703 983 1759 sunt
995 1695 1154 1772 habituri,

209 1784 245 1845 id
267 1784 355 1864 quod
378 1789 515 1850 tremore
539 1782 837 1866 superliminarium
860 1785 1029 1865 significat.

506 1937 662 2006 Cardine⁴
688 1963 849 2025 percusso,

210 2049 244 2113 id
267 2057 330 2114 est:
356 2050 481 2114 sublato
505 2050 619 2132 eapite,
644 2050 729 2113 sicut
750 2050 804 2113 hic
827 2050 881 2126 ait,
897 2051 959 2114 hoc
982 2055 1031 2128 000
1053 2069 1156 2131 regno

211 2146 243 2202 et
258 2137 434 2204 sacerdotio
453 2159 582 2220 prorsus
599 2138 734 2202 sublato.
758 2139 861 2224 'Haec
879 2138 983 2220 figura
996 2139 1156 2220 loquendi

207 2228 333 2309 'passim
355 2228 461 2292 estin
484 2228 660 2309 prophetis,
684 2233 722 2290 ut
739 2227 776 2290 in
790 2227 959 2309 0000000000
983 2226 1039 2291 67:
1063 2229 1155 2292 Deus

211 2316 393 2396 confringet
426 2316 548 2397 capita.
565 2317 773 2379 inimicorum
808 2328 956 2394 suorum,
989 2318 1155 2396 'verticem

211 2405 318 2486 capilli
333 2403 628 2490 perambulantium
643 2404 679 2466 in
694 2404 820 2468 delictis
836 2404 914 2469 suis.
958 2405 1051 2468 Idem
1074 2427 1155 2487 quo

210 2511 273 2571 que
285 2491 380 2554 estin
392 2490 496 2574 capite
513 2491 546 2553 3:
558 2491 779 2572 00000000οι
795 2493 984 2557 Percussisti
998 2500 1098 2575 caput
1112 2494 1156 2558 de

211 2581 307 2645 domo
330 2579 438 2662 impii,
463 2578 635 2644 denudasti
657 2581 872 2644 fundamenta
893 2581 961 2645 eius
983 2601 1087 2662 usque
1111 2582 1156 2646 ad

210 2773 325 2900 Μεθ’)
344 2773 421 2828 Vera
432 2772 517 2827 lectio
529 2789 566 2826 ex
579 2773 720 2828 Hebraeo.
758 2772 800 2838 “l
818 2773 926 2842 Incipit
941 2789 970 2842 p.
983 2773 1154 2828 LXXXJIL

286 2862 304 2899 1.

210 3004 278 3058 darn
295 3005 369 3058 iram
387 3009 417 3059 et
434 3003 638 3059 cumulandam
655 3020 788 3075 poenam,
807 3007 882 3061 sicut
899 3006 932 3060 in
947 3006 1013 3060 aliis
1030 3005 1156 3073 prophe

209 3079 305 3128 tarum
324 3075 395 3130 loeis
412 3075 553 3131 videmus.

300 3144 327 3213 1)
353 3147 451 3200 deest:
475 3147 601 3214 pertinet
620 3174 653 3184 —
671 3145 790 3202 visione.
835 3147 967 3215 legitur:
994 3146 1153 3215 pertinent

211 3215 305 3280 Quare
328 3216 355 3270 si
379 3217 444 3285 quis
468 3217 546 3272 volet
571 3216 612 3269 ita
637 3217 787 3286 partiatur,
811 3221 845 3272 ut
866 3218 1039 3287 praecedent
1065 3221 1156 3286 caput

210 3287 324 3356 proprie
343 3287 380 3340 ad
399 3287 544 3341 excidium
566 3288 656 3356 regni,
679 3287 736 3342 hoc
759 3289 951 3345 novissimum
971 3288 1089 3358 proprie
1114 3288 1154 3342 ad

209 3356 360 3409 interitum
373 3358 524 3412 sacerdotii
536 3359 649 3412 referat.
686 3358 715 3427 2)
734 3359 831 3415 deestr
844 3365 920 3414 et-
933 3364 985 3414 etc
1021 3359 1051 3426 3)
1070 3375 1154 3425 vagr-

210 3426 325 3480 buntur.
362 3425 391 3496 4)
410 3429 505 3483 deest:
526 3427 652 3483 Cardine
672 3458 705 3469 -
724 3447 842 3498 prorsus
860 3432 986 3498 sabato„
1018 3429 1133 3496 Legitur

210 3496 340 3552 Avaritia
358 3497 389 3551 in
408 3500 501 3567 capite
519 3500 658 3554 emnium.
694 3502 775 3556 Haeo
793 3502 884 3568 figura
901 3518 964 3570 sqq.

298 3675 328 3746 †)
347 3675 503 3732 Sacerdoti-i
520 3680 550 3731 et
568 3678 649 3744 regni
668 3678 780 3734 eversio
798 3678 964 3744 significata
988 3693 1041 3745 per
1062 3678 1129 3732 card

209 3763 278 3800 nem
300 3753 330 3802 et
352 3747 589 3816 superliminaria.
626 3747 674 3817 ††)
700 3749 799 3802 Psalm
820 3749 863 3803 67.
899 3747 966 3818 †††)
989 3749 1129 3803 Abacuc:
