2584 4267
476 240 712 321 Prolegomena.
997 243 1038 307 37
1043 245 1061 306 3

48 377 58 507 ¹.
121 415 323 496 spectabant.
369 417 436 480 Nec
457 417 520 482 hoc
541 417 708 483 hactenus.
754 420 884 484 Restitit
905 401 1065 483 Lutherus

121 505 224 568 etiam
252 505 323 568 aliis
350 505 501 570 subtilius
529 507 663 588 quidem
689 515 832 573 attamen
854 509 1063 591 periculosius

121 593 323 670 errantibus,
371 597 646 661 concionatoribus
692 598 727 660 in
768 599 842 661 aula
879 598 1063 660 Vinariensi

122 679 340 764 Vuoiffgangc
364 683 485 748 Steinio
508 692 542 749 et
560 686 744 750 Isenacensi
759 686 918 750 Straussio
940 692 974 749 et
995 689 1062 768 qui·

120 771 265 834 busdam
290 772 364 836 Iure
392 774 562 839 consultis.
610 776 754 839 Accessit
783 775 964 839 sollicitudo
996 796 1062 855 gra·

120 859 259 924 vissima
286 860 326 924 de
356 863 539 926 scholarum
567 865 668 928 salute
703 884 741 927 ac
774 863 928 928 custodia.
975 865 1063 928 Inter

119 949 203 1012 alios
243 948 433 1014 Oarolstadii
470 972 619 1016 excessus
652 954 707 1016 hio
741 973 870 1035 quoque
904 959 986 1029 erat,
1025 959 1064 1017 ut

119 1037 290 1118 literarum
312 1039 420 1103 studia
442 1041 639 1122 improbaret
654 1048 687 1105 et
701 1062 798 1106 exosa
812 1043 939 1119 faceret,
964 1060 1063 1122 quam

120 1125 161 1188 ob
193 1147 265 1189 rem
291 1127 451 1192 Lutherus
478 1129 617 1211 principi
644 1131 783 1194 formam
814 1131 941 1194 scholae
974 1131 1062 1194 insti-

119 1214 264 1278 tuendae
287 1218 468 1299 proposuit,
497 1225 535 1281 ut
557 1224 647 1304 patet
670 1239 711 1282 ex
734 1219 869 1301 epistola
891 1219 1062 1300 01180011-

120 1303 231 1367 tinum
266 1303 318 1367 die
341 1305 462 1370 XVIH.
487 1307 632 1370 Octobris
662 1308 775 1384 missa,
811 1309 847 1370 10
874 1327 951 1388 qua,
987 1327 1062 1369 cum

52 1417 57 1424 ·
119 1394 308 1456 academiae
331 1396 459 1457 ruinam
481 1396 632 1459 metuerit
661 1397 820 1473 futuram,
852 1418 918 1459 non
946 1415 1062 1478 parum

120 1489 257 1562 questus
271 1483 364 1547 inest.
405 1483 529 1546 Eodem
544 1491 688 1566 tempore
704 1486 802 1548 etiam
818 1485 1007 1565 gravissima
1021 1484 1063 1546 ad

119 1572 331 1652 magistratus
360 1571 528 1637 civitatum
554 1574 746 1637 Germaniae
776 1575 942 1655 paraenesi
973 1572 1064 1637 omni

120 1666 386 1740 argumentorum
409 1680 474 1741 qua
496 1667 621 1743 poterat
642 1663 676 1727 vi
698 1663 739 1726 ab
758 1663 800 1725 iis
822 1661 998 1738 contendit,
1021 1681 1062 1724 ne

120 1749 240 1812 scholis
270 1751 503 1813 constituendis
534 1771 665 1832 operam
695 1771 811 1816 navare
834 1771 934 1831 quam
961 1751 1062 1812 maxi-

119 1857 210 1900 mam
226 1837 499 1903 obliviscerentur.
523 1840 674 1915 Queritur
684 1839 770 1917 inde,
787 1840 912 1903 scholas
922 1839 1062 1914 interire,

120 1926 304 1989 academias
328 1927 521 1992 detrimenta
540 1929 618 2011 pati,
642 1930 838 1992 monasteria
859 1928 972 1991 deseri.
1090 1958 1092 1961 ·

210 2016 349 2093 Domus,
380 2018 414 2079 in
438 2038 503 2098 qua
525 2037 591 2081 uno
614 2018 839 2081 tantummodo
863 2037 938 2080 cum
961 2017 1063 2081 sodali

119 2103 301 2181 habitabat,
325 2107 573 2186 Augustinensis
596 2127 707 2189 reapse
730 2106 856 2169 deserta
877 2106 949 2169 fuit.
989 2105 1063 2188 Ipse

119 2199 245 2256 vestem
267 2195 501 2271 monachicam,
527 2214 592 2275 qua
606 2196 774 2275 hucusque
789 2214 867 2258 usus
883 2199 976 2272 esset,
1000 2195 1063 2258 sibi

120 2281 262 2364 amplius
301 2303 367 2346 000
405 2284 574 2348 convenire
611 2285 764 2366 putabat,
812 2284 932 2367 quippe
979 2301 1062 2364 quae

121 2389 250 2453 semper
272 2373 442 2436 monastici
472 2372 596 2452 aliquid
624 2373 723 2436 oleret
745 2379 778 2436 et
799 2379 1060 2455 repraesentaret,

121 2459 235 2522 ordine
269 2460 305 2521 in
337 2461 520 2524 maximum
553 2468 776 2544 contemptum
810 2462 958 2528 adducto.
1010 2461 1062 2525 Sic

120 2547 357 2628 Maimburgius
388 2549 476 2631 apud
504 2549 766 2614 Seckendorfium
800 2571 868 2613 rem
899 2551 1060 2614 describit.

119 2636 218 2720 Apud
247 2637 415 2701 electorem
445 2639 639 2702 mutationes
669 2645 827 2702 extremas
857 2641 1062 2718 caeteroquin

119 2745 187 2788 non
202 2726 394 2806 probantem
409 2726 542 2790 tandem
557 2728 672 2803 effecit,
693 2732 731 2789 ut
745 2727 907 2789 cucullum
922 2726 1063 2788 exuendi

119 2814 250 2877 veniam
279 2814 465 2896 impetraret
494 2823 526 2879 et
554 2815 693 2880 doctoris
721 2821 824 2891 veste,
861 2833 959 2895 quam
993 2813 1062 2876 dux

119 2902 190 2984 ipse
213 2902 244 2965 ei
267 2902 371 2980 dedit,
400 2911 556 2986 uteretur.¹
600 2904 745 2967 Titulum
775 2903 873 2966 etiam
896 2901 1061 2966 reverendi

36 3037 39 3060 .
120 2992 221 3072 patris
238 2990 396 3073 deposuit,
414 2994 472 3074 qui
488 2994 517 3056 ei
531 2993 700 3073 hucusque
714 2992 844 3074 publice
858 2991 895 3054 in
909 2989 1061 3053 omnibus

36 3065 40 3124 t

120 3080 246 3143 actibus
270 3081 456 3159 debebatur,
480 3075 672 3162 nullumque
694 3083 795 3145 alium
815 3080 948 3143 admisit
962 3098 1062 3160 quam

120 3167 157 3232 D.
183 3168 316 3232 Martini
338 3169 472 3234 Lutheri
494 3176 527 3234 et
548 3171 637 3232 hunc
652 3169 694 3233 ad
709 3176 847 3234 mortem
861 3188 969 3249 usque·
990 3168 1061 3232 reti·

120 3256 202 3321 nuit.
250 3255 303 3321 Sic
323 3259 565 3323 Seckendorfius
580 3259 734 3322 describit
748 3259 833 3321 hanc
848 3259 1062 3321 mutationem

120 3347 260 3409 vestium
281 3347 364 3410 libro
386 3348 411 3410 I.
437 3347 582 3410 80011000
598 3347 651 3412 62.
676 3349 707 3427 ξ.
724 3347 913 3410 OLXXIIX.
948 3347 1062 3427 Itaque

152 3455 172 3496 e
195 3436 254 3496 IX.
279 3436 400 3498 mensis
423 3435 585 3512 Octobris,
615 3435 668 3499 die
695 3434 864 3498 dominina
886 3437 959 3498 XX.
988 3442 1063 3516 post

156 3523 233 3586 init.
270 3530 368 3588 exuto
403 3525 527 3588 cucullo
560 3524 798 3604 Augustiniano
828 3525 863 3587 in
897 3525 953 3586 illa
985 3523 1061 3603 inde

156 3613 303 3694 inparuit
324 3620 422 3691 veste,
447 3633 511 3693 qua
533 3612 756 3695 praedicantes
778 3614 828 3676 uti
851 3613 964 3675 solent,

210 3701 277 3764 Sub
312 3700 400 3766 idem
439 3709 568 3783 tempus
601 3698 676 3765 libri
714 3700 754 3764 de
792 3700 892 3764 libero
930 3699 1061 3762 arbitrio
