2584 4267
227 293 294 362 384
566 291 671 373 Caput
693 291 837 373 primum

229 473 286 551 qui
309 471 356 534 sio
379 469 618 552 superbiebant,
644 469 797 531 excitavit
818 488 913 550 saepe
929 468 1013 532 viros
1028 468 1175 530 humiles

228 566 261 624 et
276 559 428 642 plebeios,
445 559 503 638 qui
518 579 559 622 ex
573 557 761 640 prophetico
776 563 834 621 aut
854 556 1044 620 sacerdotali
1056 556 1175 619 ordine

229 668 296 712 non
319 654 435 724 essent,
459 653 497 711 ut
516 647 580 710 illis
596 647 748 710 omnibus
763 641 975 722 resisterent‚¹
1002 652 1176 726 arguerent

229 757 283 800 eos
306 736 493 818 impietatis,
518 741 555 798 ut
577 736 700 817 passim
723 741 773 798 est
788 754 915 797 cernere
937 734 973 798 in
988 735 1172 816 prophetis:
1277 788 1278 806 ἶ

228 819 310 888 Sed²
335 825 416 888 haec
438 832 487 890 eet
509 824 646 887 stultitia
669 817 735 899 dei,
761 843 826 902 qua
848 823 989 888 infatuat
1010 821 1174 885 mundum
1209 864 1212 868 »
1277 862 1278 891 2

228 920 262 976 et
277 913 471 995 sapientiam
493 913 607 976 carnis.
654 906 891 986 Abiectiseimi³
915 904 1066 974 homines
1081 917 1174 974 eraut
1277 904 1278 954 l

228 1009 262 1064 et
283 1002 411 1083 plebeii,
436 1003 546 1082 itaque
569 1001 697 1064 insania
719 1021 788 1064 esse
811 1000 989 1079 videbatur,
1014 1001 1095 1065 velle
1119 1019 1174 1062 eos
1275 1033 1278 1052 ‹

228 1097 262 1155 et
284 1091 412 1171 regibus
443 1096 475 1153 et
502 1095 550 1153 tot
576 1089 743 1172 prophetis
778 1109 816 1152 ac
849 1088 1078 1166 sacerdotibus,
1116 1089 1175 1169 qui
1277 1128 1278 1175 3

229 1179 408 1242 ministerio
423 1179 514 1244 verbi
524 1184 701 1261 praeerant,
718 1172 869 1258 tamque4
888 1177 1041 1259 prudenti
1051 1177 1175 1259 populo

229 1275 262 1333 et
284 1269 320 1331 in
342 1269 411 1348 lege
435 1268 560 1331 domini
576 1267 697 1343 edocto,
722 1267 877 1343 resistere,
902 1287 940 1328 ao
955 1286 1076 1330 novum
1092 1265 1175 1346 quid
1273 1263 1278 1339 :l

231 1363 356 1440 praeter
378 1357 510 1420 solitum
532 1376 657 1419 morem
680 1354 801 1420 dooere.
847 1356 961 1436 Itaque
985 1362 1018 1418 et
1035 1355 1101 1436 ipsi
1115 1375 1176 1436 pro
1274 1347 1278 1413 ⁴]

183 1516 186 1522 ζ
231 1445 338 1511 attritis
353 1445 466 1522 habiti,
491 1450 524 1508 et
538 1441 701 1526 ipsorum*
723 1444 858 1508 verbum
878 1449 1104 1525 contemptum
1125 1448 1177 1506 est
1277 1462 1278 1515 ς

231 1540 265 1597 et
286 1533 557 1615 blasphematum.
598 1532 688 1596 Sicut
703 1539 735 1597 et
749 1534 846 1595 hodie
862 1527 1050 1615 παράδοξά
1064 1533 1175 1596 viden·

232 1627 285 1686 tur
308 1621 508 1704 sapientibus
531 1621 649 1685 mundi
664 1641 748 1702 quae
761 1642 820 1703 per
835 1621 1039 1702 evangelium
1054 1620 1177 1683 Christi
1277 1619 1278 1692 ἒ

232 1717 343 1776 eontra
369 1716 439 1775 tam
471 1717 585 1794 potens
620 1731 757 1790 regnum
791 1731 903 1792 papae,
938 1702 1025 1773 tam⁵
1063 1709 1122 1771 diu
1156 1729 1177 1770 a
1277 1736 1278 1750 .

232 1800 352 1867 sanctis
386 1800 464 1864 viris
492 1798 723 1882 praedicatum,
749 1799 901 1862 dicuntur
920 1805 953 1861 et
978 1798 1175 1874 scribuntur,
1276 1810 1278 1825 ⁴

233 1909 339 1970 aquo
363 1883 467 1952 stent⁶
500 1908 599 1968 reges,
631 1887 803 1969 principes,
833 1887 1013 1950 doctissimi
1041 1887 1175 1969 quique,
1277 1932 1278 1937 .

232 1983 320 2042 totus
343 1978 483 2058 denique
507 1979 592 2040 orbis
616 1983 675 2040 etc.
1277 1990 1278 2068 g

322 2060 447 2147 Atque⁷
465 2067 536 2130 'hoo
558 2066 628 2130 vult
655 2064 827 2147 propheta,
859 2064 989 2145 quando
1013 2084 1047 2127 se
1070 2070 1177 2148 pasto·
1277 2075 1278 2078 ’

233 2159 345 2237 rem††
368 2157 518 2218 Thekuae
542 2160 648 2232 vocat,
679 2153 864 2237 significans
893 2153 991 2217 vilem
1014 2153 1179 2216 stlocum
1276 2156 1278 2223 j

234 2250 267 2306 et
288 2263 479 2324 personam
511 2242 653 2307 sedhoc
676 2240 835 2323 estquod
865 2243 1028 2323 apostolus
1057 2241 1178 2304 Paulus
1277 2233 1278 2309 l

233 2327 315 2395 ait**
340 2334 368 2394 1.
394 2333 463 2395 Cor.
491 2333 601 2414 1.†††:
626 2332 725 2399 deum
747 2331 863 2410 eligere
878 2331 978 2394 stulta
992 2337 1026 2394 et
1047 2331 1179 2394 infirma
1270 2396 1278 2425 Ι

233 2420 367 2570 mangi,
392 2426 441 2570 ttort
479 2418 721 2482 confundantur
758 2420 920 2500 sapientes
958 2425 991 2483 et
1028 2425 1178 2501 potentes

234 2525 315 2572 mun
339 2527 391 2570 re
427 2556 433 2571 .
993 2535 1000 2541 ·

323 2595 528 2661 Vocabulum
542 2590 748 2673 hebraeum,⁸
776 2596 864 2677 quod
878 2597 933 2659 hic
948 2601 998 2660 est
1011 2595 1178 2660 redditum
1277 2640 1278 2653 .

233 2705 292 2773 per
320 2705 440 2749 nomen
469 2683 716 2766 pastoribus,
747 2707 813 2749 non
838 2685 971 2767 ‘proprie
1001 2689 1176 2767 pastorem,
1277 2727 1278 2766 ,

234 2774 292 2838 sed
314 2768 419 2852 eum,⁹
446 2775 499 2838 cui
521 2774 625 2838 multa
647 2779 724 2836 eunt
745 2794 869 2855 peoora,
893 2774 1066 2838 dominum
1085 2795 1177 2856 peco
1274 2767 1278 2791 *

234 2883 308 2928 rum
331 2863 500 2944 significat,
525 2885 556 2946 q.
581 2862 612 2926 d.
637 2857 919 2926 armentarium.¹⁰

324 3027 350 3098 ⁸)
369 3029 478 3098 Incipit
496 3046 524 3097 p.
543 3027 685 3082 XXXXI.
705 3026 800 3082 MSOi.
837 3027 878 3096 “)
900 3044 1021 3082 summa.

234 3198 235 3204 ¹
326 3186 353 3252 1)
384 3191 414 3242 et
440 3188 537 3254 palam
564 3180 716 3254 arguerent
743 3203 805 3255 sqq.
860 3186 888 3255 2)
916 3188 997 3242 Haec
1020 3188 1100 3242 enim
1125 3193 1180 3244 eea

233 3257 263 3326 3)
283 3258 363 3313 enim
381 3259 522 3312 homines.
560 3257 588 3326 4)
614 3262 761 3327 tanquam.
798 3258 826 3326 5)
846 3257 942 3314 deest:
965 3263 1027 3313 tam
1046 3288 1080 3298 —
1099 3275 1181 3328 prae

235 3329 371 3386 dicatum.
409 3327 437 3396 6)
457 3333 543 3384 stant.
553 3333 597 3383 tot
609 3345 690 3396 reges
699 3334 729 3383 et
739 3329 887 3398 principes
899 3334 928 3383 et
940 3329 1103 3384 doctissimi
1115 3346 1181 3399 sqq.

237 3397 264 3466 7)
284 3397 412 3465 Legitur:
432 3400 576 3469 Propheta
588 3401 683 3468 igitur,
703 3401 818 3468 quando
837 3416 868 3455 se
880 3404 1030 3467 pastorum
1041 3401 1153 3455 Thekoa

235 3474 328 3540 vocat,
347 3471 491 3538 significat
509 3487 571 3540 sqq.
609 3470 636 3539 8)
657 3470 793 3525 Additur:
816 3470 987 3546 mptltffi)
1025 3472 1053 3540 9)
1074 3472 1152 3528 Deee

236 3555 312 3595 eum.
350 3540 394 3610 10)
415 3541 516 3597 Deest:
537 3560 563 3610 q.
584 3543 610 3596 d.
630 3543 844 3605 armentarium.

326 3693 354 3764 †)
366 3693 515 3762 Evangelii
525 3691 845 3762 doctrinasapientibus
850 3692 1004 3762 paradoxa.
1017 3690 1065 3759 tt)
1075 3691 1145 3746 Vuit

235 3763 339 3819 Pastor
357 3765 483 3820 Thekoa.
511 3763 586 3834 ³†††)
607 3764 631 3817 1.
652 3763 715 3819 Gor.
736 3765 759 3817 1.
797 3763 882 3834 ἡὴ)
901 3762 1051 3819 Nokedim.
