2584 4267
486 277 612 344 174
1109 273 1318 356 Caput
1362 273 1720 338 secundum

481 455 552 519 id
597 458 855 519 vertunt
896 451 1276 533 interpretes
1290 500 1306 527 ,
1355 451 1546 532 (alius
1591 452 1769 517 enim
1813 454 2141 526 dolebunt,
2190 454 2362 518 11111111

481 544 833 618 timebunt,
880 541 1318 621 Hieronymus
1373 540 1849 618 cruciabuntur,
1909 542 2206 622 exponit]
2274 554 2358 606 ta-

480 652 634 698 men
664 637 911 695 certum
941 636 1055 707 est,
1090 635 1421 711 sumptam
1450 629 1945 697 similitudinem
1969 650 2005 694 11
2029 630 2362 694 doloribus

480 719 997 804 parturientium.
1047 781 1054 787 ,
1098 717 1428 798 Significat
1485 719 1684 799 igitur
1741 722 2057 802 propheta
2113 722 2362 802 magni-

472 809 781 874 tudinem
825 806 1113 890 periculi,
1160 809 1349 889 quasi
1393 807 1585 884 dicat,
1635 810 1853 872 statim
1901 810 1985 870 ad
2025 818 2362 890 aspectum

485 905 624 963 tam
669 896 1097 961 formidabilis
1141 896 1350 972 hostis
1395 897 1739 961 concident
1781 898 2033 974 1111111116Ἰ
2093 918 2170 962 ase
2222 906 2362 962 tan-

482 1007 683 1068 quam
739 985 1099 1068 parturiens
1154 985 1388 1049 mulier
1453 986 1781 1050 dolebunt*
1889 986 2077 1058 Quod
2141 994 2366 1054 autem

484 1075 696 1139 addit:
768 1074 1078 1138 Omnium
1135 1073 1334 1137 facies
1402 1074 1703 1154 colligent
1769 1074 2210 1154 nigredinem:
2286 1078 2366 1138 In

482 1165 779 1229 Hebraeo
803 1157 951 1227 'estz
1022 1162 1334 1227 Omnium
1378 1163 1575 1226 facies
1621 1163 1837 1242 (kibzu
1885 1166 1973 1246 ph
1981 1166 2149 1242 arur]
2194 1166 2362 1226 1111111-

482 1259 636 1334 gent
666 1253 880 1316 ollam.
971 1254 1068 1315 Ac
1096 1257 1344 1317 certum
1373 1258 1489 1328 est,
1523 1257 1856 1333 sumptam.
1881 1254 2049 1314 hane
2081 1254 2366 1318 formam

482 1362 565 1405 ex
619 1341 903 1405 secundo
955 1341 1164 1422 capite
1208 1341 1486 1404 Nahum.
1580 1341 1722 1404 Etsi
1777 1346 1995 1406 autem
2057 1339 2366 1406 remotior

479 1430 690 1510 figura
733 1430 893 1493 haec
938 1435 1053 1505 est,
1101 1435 1323 1493 tamen
1366 1429 1449 1493 de
1480 1429 1945 1509 significatione
1977 1430 2230 1494 nullum
2266 1442 2366 1494 ent

483 1518 777 1581 dubium.
870 1519 1039 1580 Nam
1082 1517 1153 1580 in
1199 1517 1431 1581 subitis
1490 1517 1789 1600 periculis
1845 1518 2358 1598 expallescimus.

477 1606 815 1687 Significat
868 1612 1086 1670 autem
1153 1607 1468 1688 propheta
1535 1607 1841 1689 pallorem
1909 1606 2362 1722 nigricantem.

482 1695 663 1759 Sicut
705 1694 882 1758 enim
927 1696 1065 1758 olla
1097 1696 1360 1759 admota
1395 1695 1533 1776 igni
1577 1694 1760 1758 fumo
1801 1694 2105 1770 fuscatur
2154 1686 2254 1758 ita
2294 1698 2366 1758 111

476 1784 780 1868 periculis
825 1790 1160 1847 mutantur
1202 1774 1438 1848 vultus,
1529 1785 1610 1846 In
1653 1785 1897 1846 laetitia
1941 1786 2178 1846 diffuso
2222 1806 2362 1846 san

484 1874 679 1954 guine
723 1873 957 1936 rubent
998 1872 1298 1936 homines
1313 1922 1328 1950 ,
1388 1878 1611 1936 contra
1654 1891 1801 1935 cum
1849 1874 1917 1934 111
1961 1894 2250 1938 moerore
2298 1882 2362 1938 et

482 1962 779 2046 periculis
811 1961 1041 2025 subitis
1072 1962 1470 2025 contrahitur
1500 1962 1760 2042 sanguis
1793 1962 1877 2026 ad
1905 1982 2013 2022 11111·
2037 1962 2362 2042 nigricans

483 2049 751 2130 quidam
796 2051 999 2133 pallor
1032 2050 1425 2131 relinquitur
1469 2056 1537 2113 et
1571 2051 1740 2114 nitor
1769 2054 1981 2114 omnis
2013 2054 2137 2114 eris
2170 2054 2358 2134 perit.

970 2208 1197 2272 Sicut
1242 2209 1492 2275 fortes
1539 2218 1869 2275 current

659 2317 838 2380 Haec
882 2314 1209 2398 pertinent
1244 2315 1328 2378 ad
1365 2316 1769 2394 industriam,
1821 2318 2218 2398 gravitatem
2270 2318 2362 2382 di-

481 2404 841 2506 ligentiam,
891 2410 957 2467 et
1001 2403 1390 2467 celeritatem
1443 2366 1865 2487 pingendam
1929 2406 2101 2486 quod
2166 2426 2358 2470 unus-

484 2494 756 2573 quisque
826 2491 1116 2573 gnaviter
1183 2492 1438 2573 urgebit
1517 2514 1709 2557 suum
1785 2514 2043 2558 munus
2166 2494 2362 2570 Quod

487 2581 926 2662 Hieronymus
972 2581 1151 2658 fecit,
1200 2581 1315 2644 sed
1361 2588 1426 2646 et
1469 2602 1584 2663 per
1627 2583 1937 2646 fenestras
1985 2582 2246 2658 eadent
2298 2594 2362 2650 et

484 2672 617 2734 non
663 2670 1119 2747 demolientur,
1168 2669 1309 2733 sine
1353 2670 1533 2734 omni
1578 2691 1769 2734 sensu
1817 2678 1941 2750 est,
1989 2678 2054 2734 et
2101 2694 2362 2754 prorsus

481 2758 758 2825 discedit
801 2760 883 2823 ab
928 2759 1251 2836 Hebrae0‚
1312 2759 1487 2840 quod
1532 2758 1630 2821 ad‘
1660 2762 1929 2839 verbum
1989 2762 2081 2822 sie
2141 2762 2358 2826 habet.

480 2849 687 2932 Super
716 2848 963 2931 gladios
994 2867 1145 2912 cum
1175 2866 1242 2911 se
1273 2847 1627 2929 proficient,
1660 2868 1794 2912 non
1823 2854 2043 2912 tamen
2072 2849 2362 2914 vulnera-

476 2938 743 3015 buntur,
789 2939 913 3001 hoc
958 2943 1081 3014 est,
1131 2937 1520 3019 pugnabunt
1562 2956 1713 2999 cum
1757 2957 1994 3018 magno
2039 2956 2360 3015 successu,

481 3026 738 3089 etiamsi
781 3025 1223 3107 imprudentes
1255 3045 1324 3088 se
1355 3032 1682 3107 exponent
1709 3026 2028 3108 periculis,
2078 3027 2248 3091 sicut
2290 3027 2365 3092 in

483 3114 955 3196 direptionibus
998 3113 1388 3195 oppidorum
1419 3114 1654 3196 praede
1685 3114 1924 3198 cupida
1952 3115 2146 3179 turba
2176 3117 2360 3193 solet,

480 3209 547 3266 et
588 3209 809 3291 tamen
854 3201 1145 3279 evadent,
1194 3202 1391 3265 foelix
1435 3203 1558 3267 erit
1601 3203 1887 3267 audacia.

722 3364 950 3460 'Ante
996 3362 1225 3425 illum
1270 3360 1831 3426 contremiscit
1873 3370 2102 3428 terra.

661 3466 825 3532 Sunt
868 3469 993 3532 hae
1024 3467 1302 3549 tragicae
1331 3467 1591 3546 figurae,
1640 3467 1880 3548 quibus
1926 3468 2354 3536 calamitatem

482 3556 856 3639 amplificat.
933 3558 1102 3620 Nam
1140 3555 1352 3638 posito
1380 3556 1453 3618 in
1480 3556 1660 3620 luctu
1691 3563 1756 3620 et
1786 3557 2103 3640 periculis,
2140 3560 2358 3624 omnis·

482 3665 649 3726 quae
694 3645 895 3710 oculis
941 3650 1241 3722 cernunt,
1291 3643 1488 3707 etiam
1534 3645 1785 3708 coelum
1831 3652 1897 3710 et
1939 3647 2092 3711 solis
2135 3648 2338 3712 11111161

482 3733 772 3798 iudicant
816 3733 1024 3834 tristia
1070 3740 1135 3798 et
1179 3732 1463 3797 adversa.
1557 3732 1737 3798 Sicut
1789 3754 1824 3798 6
1870 3742 2100 3806 contra
2157 3737 2348 3805 anim
