2584 4267
435 282 533 347 Joelis
556 283 740 366 prophatae.
992 281 1053 346 271
1178 349 1182 356 ,

114 462 250 545 impios,
273 467 307 524 et
328 481 394 526 non
417 462 523 525 solum
545 461 680 525 consilia
693 460 839 544 ipsorum
858 459 976 536 turbat,
1001 460 1057 524 ssd

112 551 251 634 ‚penitus
263 549 372 625 ,etism
394 549 503 632 perdit
523 570 587 614 eos.

115 690 117 695 .
208 639 308 702 Hunc
338 639 439 702 finem
465 639 624 721 propheta
656 637 711 704 hic
744 658 872 720 quoque
906 636 1055 714 ostendit.

115 728 183 792 Sed
206 727 286 808 quia
307 747 367 791 nos
390 733 519 791 tantum
541 727 577 790 in
599 727 780 809 praesentia
801 726 920 791 intenti
934 745 1056 802 sumus,

116 819 247 881 futuros
269 821 379 880 autem
393 821 527 881 eventus
551 837 617 880 non
629 837 673 880 ex
688 815 795 893 verbo,
819 815 875 881 sed
893 835 937 878 ex
951 820 1059 879 nostro

118 926 219 971 sensu
242 905 465 982 aestimamus,
495 904 568 968 ideo
590 904 840 987 trepidatum,
870 910 904 968 st
925 910 982 968 aut
1004 902 1059 967 du·

117 995 204 1059 bitat
231 994 274 1056 de
297 1013 462 1071 successu,
490 999 548 1057 sut
575 1000 667 1057 metu
694 993 795 1057 futuri
823 991 902 1056 mali
930 1009 1059 1073 prorsus

114 1082 279 1146 deiicitur.
325 1081 577 1164 Respiciendum
599 1082 698 1162 igitur
720 1082 755 1146 in
778 1082 912 1154 verbum
934 1086 997 1156 est,
1026 1085 1059 1143 ct

115 1172 161 1234 ob
183 1171 294 1234 oculos
322 1177 476 1253 perpetuo
500 1171 654 1234 habenda
681 1171 925 1252 praeteritorum
949 1185 1057 1232 succo⁴

115 1261 225 1323 lorum
265 1261 430 1342 exempla,
472 1279 555 1340 quae
594 1259 705 1322 omnia
743 1279 809 1322 una
849 1257 942 1339 quasi
982 1276 1057 1321 voce

118 1353 290 1428 testantur,
320 1354 354 1412 et
382 1349 487 1412 furere
518 1348 679 1411 mundum
710 1354 820 1411 contra
847 1346 995 1422 verbum,
1025 1351 1059 1408 et

117 1442 231 1499 tamen
267 1436 434 1500 concidere
471 1432 604 1510 tandem
645 1437 681 1500 in
718 1435 835 1499 mediis
880 1435 1056 1509 conatibus,

117 1526 255 1589 verbum
277 1531 387 1588 autem
408 1526 534 1589 domini
556 1544 686 1590 manere
708 1525 744 1588 in
767 1531 942 1589 aeternum.

208 1614 288 1678 Ideo
310 1613 390 1678 dicit
410 1614 563 1678 dominus
584 1613 654 1678 hic:
679 1613 797 1678 Venite
811 1633 922 1678 omnes
938 1618 1057 1692 gentes,

118 1723 162 1775 ex
195 1703 351 1766 omnibus
384 1709 485 1784 terrae
519 1703 666 1786 patribus
700 1701 948 1784 congregamini.
995 1701 1058 1765 Hic

117 1791 210 1854 enim
247 1798 369 1855 sternet
406 1791 558 1865 dominus
596 1792 694 1856 fortes
729 1796 811 1854 tuos.
868 1789 1060 1854 Observabis

119 1886 232 1943 autem
254 1881 427 1962 praecipue
449 1882 643 1946 vocabulum
666 1879 835 1961 gibborim,
860 1899 937 1942 nom
951 1880 1059 1942 hostes
1132 1940 1134 1944 ,

119 1969 283 2050 evangelii
298 1989 364 2032 non
379 1976 457 2032 sunt
470 1969 659 2051 contempti,
683 1969 868 2045 imbecilles,
893 1986 1058 2049 pauperes.

34 2134 40 2143 .
119 2058 233 2122 Fortes
267 2063 353 2131 sunt.
409 2057 487 2122 Ideo
521 2059 655 2122 ecclesia
692 2057 850 2121 destituta
879 2055 1060 2120 carnalibus

120 2145 293 2228 praesidiis
323 2146 359 2208 in
385 2147 528 2228 periculo
550 2154 615 2224 est,
649 2153 683 2210 et
704 2141 827 2229 pauet.l
877 2145 942 2209 Nos
963 2143 1060 2207 hodie

122 2255 190 2298 non
218 2254 336 2316 parum
363 2255 531 2300 movemur
558 2236 811 2303 adversariorum
842 2234 971 2316 opibus,
1007 2252 1059 2314 po·

121 2323 233 2399 tentia,
257 2323 407 2404 ingeniis,
434 2343 497 2388 usu
519 2343 692 2401 armorum,
721 2330 753 2388 et
775 2323 978 2404 agnoscimus
1001 2341 1060 2384 nos

123 2413 314 2492 neutiquam
346 2414 394 2476 eis
413 2431 497 2476 esse
531 2433 633 2495 pares.
688 2412 751 2476 Sed
781 2433 838 2476 cur
870 2411 1061 2481 movemur?
1153 2488 1155 2492 Ι

123 2521 231 2578 nonne
254 2501 395 2564 carnalia
415 2501 496 2565 haec
517 2504 619 2566 sunt?
653 2502 718 2566 Nos
734 2509 842 2568 autem
857 2501 915 2582 qui
937 2506 1061 2582 patrem

122 2589 282 2653 habemus
304 2591 340 2654 in
363 2590 471 2667 coelis,
503 2590 594 2654 cuius
611 2609 738 2661 ‚nomen
760 2597 792 2654 et
819 2590 918 2670 gloria
940 2588 1061 2671 pericli·

34 2720 38 2729 ·
123 2683 216 2754 tatrn,
252 2697 335 2742 num
367 2679 549 2744 carnalibus
582 2678 751 2761 praesidiis
784 2679 946 2742 nitemur?
971 2678 1062 2740 >Hoc

123 2765 172 2836 ,iffi
196 2767 322 2832 faciant
349 2770 406 2848 qui
436 2769 585 2832 nesciunt
617 2767 731 2844 deum,
767 2773 799 2830 ct
826 2771 1062 2849 persequuntur

125 2856 268 2923 verbum.
315 2856 396 2932 Quis
418 2856 507 2920 enim
528 2856 600 2920 illos
623 2857 704 2919 mire
718 2875 757 2924 ur
770 2856 889 2920 *venire
910 2854 945 2916 in
967 2853 1060 2916 curri-

124 2943 183 3008 bus
206 2952 240 3008 et
263 2947 377 3025 equis?
421 2946 517 3008 Nulla
545 2946 634 3008 enim
660 2944 783 3013 habent
805 2951 837 3008 et
859 2949 978 3006 norunt
1000 2941 1063 3004 alia

124 3033 292 3113 praesidia.
339 3035 404 3097 Nos
427 3040 537 3098 autem
559 3033 617 3114 qui
638 3033 797 3100 habemus
825 3032 937 3107 deum,
969 3029 1060 3093 facia-

126 3141 195 3186 mus
225 3128 308 3204 cp'us
331 3123 506 3187 vocationis
533 3129 661 3186 nostrae
688 3143 746 3204 pro
769 3129 877 3186 nostra
900 3119 1061 3184 mediocri-

125 3215 204 3287 tate,
237 3218 271 3275 st
301 3231 465 3292 speremus
487 3212 524 3274 in
547 3210 679 3276 nomine
701 3211 834 3276 domini.
869 3211 952 3274 ¹Hoc
974 3208 1062 3272 enim

34 3374 38 3383 ⁸
128 3297 251 3364 domini
273 3313 373 3382 opus,
397 3302 477 3367 hsce
500 3301 569 3366 eius
591 3299 692 3364 virtus
716 3307 780 3377 est,
805 3319 870 3372 non
892 3298 983 3380 cupit
1005 3298 1061 3360 im·

127 3385 222 3450 'siles
245 3388 459 3467 adversarios,
491 3389 589 3454 fortes
611 3389 686 3460 vult.
703 3387 854 3466 deiicere,
882 3388 919 3452 hi
940 3392 1062 3468 quanto

145 3495 167 3538 e
187 3477 321 3543 victoria
341 3485 420 3543 sunt
440 3478 610 3555 certiores·
622 3484 713 3548 tanto
735 3477 862 3544 facilius
885 3478 1062 3559 periculum

157 3573 303 3630 rcummt.
348 3567 422 3631 Non
444 3575 567 3644 tamen,
600 3565 784 3632 sicardus
802 3586 911 3650 supra,
943 3567 1063 3632 abeunt

161 3696 340 3708 *-

219 3756 246 3823 1)
265 3757 373 3813 Hostes
391 3760 527 3814 ecclcsiae
545 3764 686 3827 potentes.
789 3787 792 3789 >
