2584 4267
55 1 112 252 Γ

55 317 80 908 ἑ

866 285 1066 350 Amos
1110 286 1478 366 prophetae.
1976 287 2111 355 ,461

252 462 682 550 praedicandi,
753 463 1077 543 siquidem
1140 463 1285 543 qui‘
1327 463 1685 545 praedicat,
1764 465 1820 527 is
1895 464 2111 542 stillat,

252 578 473 638 110111Ρο
533 574 609 618 cu
617 574 688 614 m·
734 552 901 615 iram
953 551 1062 615 dei
1104 557 1171 619 et
1213 573 1493 634 poenam
1537 553 1825 616 futuram
1868 573 2113 619 annun·

248 646 385 718 ciat
433 646 557 706 hnc
601 647 725 713 est2
771 641 1206 708 comminatur
1260 647 1326 705 et
1377 641 1683 709 admonet
1735 644 2116 723 priusquam

246 742 545 813 sequatur
601 704 961 807 salamim,
1032 745 1164 812 qua
1231 736 1539 855 sequente
1593 731 1885 811 sequitur
1940 732 2137 812 larga.

243 822 477 902 pluvia.

943 961 1410 1038 Fornicabitur,

245 1060 314 1132 id
354 1075 482 1132 est:
533 1059 946 1150 stuprabitur.

924 1241 925 1245 =
1007 1210 1339 1300 FuniculQ

251 1317 314 1380 id
356 1325 483 1382 est:
536 1316 956 1381 distribuetur
1001 1321 1158 1380 tuus.
1199 1337 1365 1398 ager.

800 1568 805 1574 .
843 1543 849 1550 ,
1034 1476 1305 1553 Polluta,

249 1585 314 1647 id
357 1590 486 1648 est:
533 1585 606 1647 in
651 1585 1020 1667 captivitate
1067 1590 1185 1647 etc.

844 1809 1070 1895 eaput
1113 1808 1521 1900 Octavum.†
1608 1789 1613 1794 ’

249 1899 254 1907 ¹
338 1918 351 1934 s
417 1925 788 2003 Novissima
855 1938 986 2005 duo
1029 1939 1269 2020 'capita
1350 1939 1444 2002 111
1500 1941 1651 2002 hoc.
1702 1916 2123 2020 prophetasti·

153 2037 158 2040 ’
249 2028 579 2093 novissimi
608 2095 621 2109 s
646 2028 776 2091 duo
847 2033 1000 2096 sunt
1067 2049 1392 2091 sermones
1412 2079 1425 2105 ‚
1506 2028 1741 2109 quibus
1811 2034 2122 2106 tanquam

248 2116 450 2203 tessus
499 2117 930 2199 praedicando
979 2117 1299 2202 praedicit
1341 2112 1587 2186 totuml
1657 2117 1974 2200 populum
2019 2135 2119 2198 pe-

245 2207 418 2288 nitus
491 2206 898 2288 perdendum
964 2212 1100 2268 tam
1169 2206 1252 2268 ad
1320 2226 1591 2287 regnum
1658 2225 1859 2285 quam
1926 2224 2120 2275 sacer-

246 2294 529 2369 dotium.
616 2289 735 2358 Et2
790 2294 1146 2358 veresimile
1190 2295 1377 2358 valde
1424 2301 1547 2372 est,
1608 2295 1791 2374 loqui
1846 2313 1998 2372 eum
2044 2292 2124 2361 (10

252 2385 545 2447 vastitate
615 2390 682 2446 et
749 2384 1120 2486 captivitate
1190 2404 1325 2446 non
1393 2377 1638 2447 solum⁸
1713 2383 2123 2464 Babylonica,

252 2473 360 2535 sed
415 2466 654 2536 etiam⁴²
719 2473 1071 2535 novissima
1127 2471 1240 2534 ffla
1298 2479 1586 2555 tempore
1642 2472 1880 2535 Christi
1935 2472 2123 2547 facta,

252 2561 510 2652 quando
555 2581 689 2623 una
720 2581 871 2624 cum
901 2581 1098 2640 regno
1130 2561 1328 2624 etiam
1357 2561 1788 2626 sacerdotium
1817 2561 2079 2624 interiit.
2093 2554 2119 2592 5

845 2696 1136 2783 Uncinus
1184 2696 1545 2801 pomerum.
1598 2803 1601 2805 Α
1623 2770 1625 2772 ,

426 2811 792 2890 Allusiones
860 2827 1200 2890 verborum
1276 2826 1348 2888 in
1421 2825 1644 2905 aliqua
1706 2825 1932 2910 lingua
1995 2784 2131 2887 ¹non

253 2922 527 3017 possunt
569 2916 640 2978 in
685 2917 880 2978 aliam
924 2916 1216 2996 linguam
1272 2914 1659 2978 transfundi.
1664 2914 1790 2994 †††
1878 2915 1981 2978 Ita
2023 2906 2131 2975 hic

250 3004 324 3072 111
387 3005 670 3073 hebraeo
740 3005 966 3067 allusio
1035 3003 1356 3085 quaedam
1423 2997 1690 3072 vocum⁶
1745 3009 1869 3078 est,
1934 3020 2133 3080 quam

379 3150 387 3154 ”
433 3178 489 3245 1)
540 3179 729 3240 deest:
779 3183 982 3234 totum.
1057 3178 1112 3246 2)
1161 3178 1349 3233 deest:
1403 3179 1480 3231 Et
1515 3163 1838 3234 veresimfle
1878 3206 1943 3217 --
1981 3192 2129 3230 eum.

254 3249 512 3315 Legitur:
546 3251 828 3317 Loquitur
849 3251 1008 3304 enim
1033 3251 1105 3304 de
1131 3266 1256 3317 sqq.
1310 3249 1369 3318 3)
1396 3250 1584 3304 deest:
1612 3250 1813 3304 solum.
1845 3247 1916 3316 ·4)
1944 3249 2152 3304 deest:-

249 3319 445 3374 etiam.
495 3320 579 3387 ,5)
615 3321 803 3388 periit.
849 3321 905 3388 6)
943 3337 1149 3376 vocum
1185 3337 1288 3376 seu
1325 3321 1726 3407 paronomasia
1743 3324 1865 3376 est.

403 3507 407 3509 *
435 3483 482 3545 †)
519 3482 591 3534 In
629 3481 750 3536 coll.
790 3480 1016 3534 Ienens.
1065 3482 1326 3550 sequitur
1364 3485 1667 3535 contextus
1715 3481 1893 3534 totius
1930 3480 2134 3547 capitis

295 3553 582 3609 ecundum
603 3554 895 3618 vulgatam
919 3553 1054 3606 edit.
1127 3554 1201 3620 ἡ)
1237 3554 1390 3607 Ien..
1431 3553 1553 3606 Hoc
1576 3556 1637 3606 et
1657 3552 1925 3618 sequenti
1946 3551 2134 3617 capite

295 3626 517 3677 xtrema
553 3625 706 3677 mala
740 3624 1116 3706 praenunciat
1153 3639 1256 3676 suo
1280 3625 1508 3690 populo.
1582 3624 1804 3677 Vuitt.-:
1791 3623 2135 3687 Argumen-

295 3709 387 3748 um
423 3695 790 3762 sequentium
827 3693 1094 3777 capitum.
1168 3697 1292 3758 †††)
1305 3695 1605 3749 Allusione
1640 3708 1846 3764 vocum
1871 3691 2136 3777 similiter

287 3765 592 3820 adentium
628 3766 1008 3820 comminatur
1041 3765 1355 3820 interitum.
2108 3796 2112 3800 -
