2584 4267
867 258 1068 320 Amos
1112 258 1483 339 prophetae.
1987 254 2119 322 475

635 434 971 516 Numquid
1017 439 1092 498 ut
1135 434 1255 497 filii
1300 435 1717 515 Aethiopum.

417 535 876 622 Praeoflcupat¹
931 541 1248 622 propheta
1291 545 1357 603 et
1411 541 1603 604 tacite
1660 560 1884 604 eorum
1929 560 2115 620 quae-

232 634 433 694 stioni
477 629 836 710 respondet,
885 629 1054 692 sicut
1098 635 1164 692 et
1208 649 1405 709 supra
1449 649 1588 710 cap.
1625 628 1685 692 5.
1734 630 1988 710 copiose
2034 629 2117 693 de

232 722 361 782 hac
409 742 473 782 ra
529 718 811 782 diximus
827 767 841 794 ,
914 717 1176 798 quando
1220 717 1412 780 dicit:
1486 719 1573 780 Et
1623 717 1747 782 erit
1812 717 2115 781 dominus

232 810 637 870 exarcituum
689 807 1022 870 vobiscum
1081 807 1252 870 sicut
1308 806 1565 869 dixistis
1581 856 1595 883 ,
1655 826 1911 870 summa
1967 825 2116 886 ergo

232 898 433 958 huius
481 898 673 958 totius
717 897 842 960 loci
873 901 994 969 est3
1045 916 1178 958 non
1208 900 1309 958 est
1336 914 1757 976 personarum
1787 895 2118 976 acceptio†

232 986 413 1066 apud
461 986 671 1061 deum,
721 1005 783 1066 q.
833 984 929 1047 d.:
1001 1004 1134 1046 non
1180 989 1278 1047 est
1323 984 1499 1065 quod
1545 982 1937 1063 gloriemini,
2002 1003 2115 1046 vos

228 1094 377 1138 assa
421 1074 736 1154 populum
780 1073 915 1149 dei,
975 1071 1151 1153 quod
1195 1073 1438 1138 vocarit
1480 1092 1594 1136 vos
1638 1071 1943 1135 dominus
1990 1071 2117 1134 sibi

228 1166 308 1226 in
365 1182 441 1242 ps
449 1156 723 1226 eufium²
762 1183 951 1283 ²{prae
1004 1160 1309 1224 omnibus
1362 1161 1619 1242 populis
1677 1165 1900 1235 terrae,
1949 1161 2117 1223 sicut

228 1250 433 1314 habat
479 1243 788 1330 Moyses,⁸
843 1249 998 1331 quia
1041 1256 1307 1332 pactum
1352 1249 1602 1312 domini
1648 1269 1781 1312 non
1826 1249 2112 1311 observa·

228 1334 393 1414 tis-‚⁴²
461 1339 838 1402 auferemini
884 1338 964 1402 de
1009 1344 1177 1401 terra
1193 1331 1249 1415 ‚⁵
1312 1338 1682 1418 quicunque
1738 1337 2111 1419 peccaverit,

228 1450 381 1490 raus
429 1430 549 1490 erit
617 1428 879 1505 domini,
951 1428 1086 1491 sive
1152 1427 1491 1490 Israhelita
1557 1427 1691 1491 sive
1757 1425 2116 1508 Aegyptius

228 1518 461 1590 fua-rit,
537 1517 699 1579 nihil
764 1516 1051 1598 proderit
1116 1516 1302 1582 vobis
1369 1515 1547 1596 quod
1615 1513 2114 1597 patrocinamini

228 1614 481 1670 vest-rae
513 1606 832 1686 impietati
862 1605 1402 1688 promissionibus
1434 1604 1539 1666 dei
1569 1603 1752 1667 vobis
1784 1603 2110 1678 exhibitiS,

228 1714 401 1774 quae
449 1714 581 1758 nnn
637 1693 719 1758 ad
772 1715 884 1758 vos
940 1694 1266 1776 pertinent
1318 1693 1480 1755 dum
1546 1692 1654 1754 dei
1720 1692 1914 1755 verbo
1982 1711 2116 1755 non

224 1782 513 1858 *ii-sclina
561 1782 673 1846 aad
718 1782 907 1864 impii
953 1778 1165 1859 estis‚*
1209 1782 1376 1845 sicut
1421 1786 1485 1844 et
1513 1781 1738 1842 Petrus
1768 1782 1909 1842 Act.
1942 1778 2116 1857 X.††

224 1874 477 1950 inquit:
529 1874 605 1934 111
651 1871 915 1936 veritate
963 1869 1264 1952 comperi,
1316 1869 1628 1950 quoniam
1671 1888 1803 1942 non
1836 1873 1933 1931 est
1966 1889 2110 1952 'per-

417 2046 465 2110 *J
521 2045 720 2098 IMPII
764 2044 1124 2097 TVENTVR
1169 2044 1257 2097 SE
1302 2041 1933 2104 PROMISSIONIBVS
1977 2041 2113 2094 DEI

228 2118 449 2170 MAEAE
489 2112 993 2170 INTELLEOTIS.

224 2278 545 2342 evaugelio,
589 2291 689 2342 pro
724 2273 963 2332 ecclesia
999 2278 1058 2328 et
1094 2290 1269 2341 regno
1308 2273 1545 2342 Christi,
1582 2277 1648 2328 ut
1686 2273 1763 2327 sit
1798 2273 2109 2326 sententia:

228 2346 517 2398 Dominus
545 2348 708 2414 parat
729 2346 793 2402 in
818 2347 1087 2410 coelo†††
1107 2345 1390 2413 palatium
1415 2360 1603 2413 suum,
1627 2345 1737 2399 hoc
1761 2348 1873 2399 est:
1912 2347 2113 2410 regnat

228 2418 300 2470 in
341 2418 577 2470 scalssia
613 2433 715 2482 per
749 2418 1088 2483 evangelion
1131 2420 1192 2470 et
1240 2416 1486 2469 liberam
1521 2416 1787 2484 gratiam2
1831 2414 2115 2469 latissime

228 2490 296 2542 st.
332 2490 637 2542 libai-rime.
712 2487 885 2541 Terra
918 2490 1115 2541 autem
1151 2491 1241 2541 est
1277 2487 1445 2554 quasi
1481 2487 1787 2540 fasciculus
1824 2501 1928 2539 seu
1964 2502 2114 2553 erga—

228 2558 453 2610 stulum
493 2558 782 2626 quoddam
817 2559 882 2612 in
918 2574 1032 2625 quo
1067 2573 1171 2612 ceu
1207 2559 1274 2612 in
1309 2558 1583 2611 fasciculo
1621 2558 1914 2633 colligatos
1938 2557 2117 2611 habet

228 2630 421 2682 malus
457 2634 517 2682 st
553 2629 843 2698 improbos
880 2629 1162 2697 homines,
1201 2644 1354 2711 ⁸quos
1390 2644 1495 2695 per
1539 2628 1785 2694 rigorem
1828 2613 1983 2693 legis
2022 2643 2115 2695 po-

224 2706 426 2754 tenter
465 2702 609 2766 regit
660 2705 720 2754 et
756 2704 992 2768 coercet,
1047 2704 1114 2754 ut
1167 2699 1251 2753 sic
1287 2699 1701 2765 complectatur
1737 2698 1852 2751 duo
1889 2713 2116 2750 summa

228 2770 517 2826 beneficia
553 2771 765 2826 dimna.
838 2771 1099 2824 Primum
1143 2774 1204 2824 et
1252 2769 1574 2822 maximum
1624 2767 2118 2822 conservationem

228 2842 509 2894 ecclesias
549 2858 649 2910 par
683 2841 948 2896 verbum:
987 2841 1199 2895 deinde
1234 2839 1730 2895 conservationem
1753 2837 1987 2905 politiae
2012 2853 2116 2904 per

228 2914 393 2978 leges
445 2918 505 2966 st
557 2928 790 2978 paenas.
863 2913 936 2966 In
987 2916 1232 2980 utroque
1283 2911 1445 2969 enim
1498 2909 1749 2964 maxime
1795 2908 2117 2962 illustratur

232 2986 501 3050 potantia
537 2984 749 3038 divina.
2189 3010 2192 3016 ·

425 3057 473 3122 1)
513 3054 704 3111 [least.
740 3055 1244 3122 Praeoccupat*
1297 3053 1408 3106 loci
1444 3056 1549 3107 est
1631 3050 1892 3117 Legitur:
1943 3048 2119 3102 Hunc

232 3126 425 3182 locum
481 3126 716 3190 quitiam
770 3126 856 3180 sic
908 3125 1214 3194 accipiunt,
1268 3124 1425 3191 quod
1478 3124 1531 3177 si
1585 3121 1752 3190 quasi
1804 3120 2116 3186 occupatio,

228 3214 385 3262 quas
425 3196 770 3266 mapuudeat
804 3195 1247 3263 cogitationibus
1281 3195 1653 3261 Iudaeorum,
1704 3208 1805 3246 cur
1848 3190 2117 3245 abiician-

228 3274 332 3322 tur
369 3286 501 3322 cum
537 3274 732 3322 tamen
755 3269 841 3322 tot
865 3268 1121 3322 habeant
1142 3266 1573 3335 promissiones,
1611 3268 1676 3317 ut
1700 3263 1778 3318 sit
1803 3261 2116 3317 sententia.

232 3338 401 3390 Nihil
437 3338 689 3406 prodarit
725 3338 908 3407 vobis,
944 3338 1099 3405 quod
1137 3337 1268 3392 sitis
1304 3336 1521 3401 Iudaei,
1560 3351 1695 3388 nam
1720 3350 1839 3389 non
1871 3335 1962 3387 est
1996 3348 2119 3401 per-

316 3426 513 3462 narum
549 3426 673 3478 sqq.
747 3408 803 3476 2)
859 3410 1153 3477 populum.
1225 3407 1284 3476 3)
1339 3407 1444 3462 sed
1479 3406 1618 3474 quia
1652 3421 1779 3474 sqq
1874 3403 1932 3471 4)
1989 3404 2119 3457 ideo

341 3482 569 3534 'arimini
609 3497 729 3548 sqq.
803 3478 861 3547 5)
898 3483 959 3535 et
994 3480 1323 3548 quicunque
1360 3494 1484 3545 sqq.

421 3658 477 3722 †]
517 3658 672 3712 Dans
697 3673 815 3712 non
838 3661 931 3712 est
951 3670 1331 3725 personarum
1354 3657 1630 3725 acceptor.
1692 3652 1787 3719 ††)
1814 3652 2002 3705 Actor.
2032 3649 2117 3704 10.

332 3730 373 3798 b]
413 3730 665 3782 Caelum.
739 3729 1011 3787 Ecclesia
