2584 4267
395 305 401 316 ’
467 333 567 393 Amos
590 333 776 413 prophetae.
1027 337 1092 399 403

242 507 307 570 Hic
343 505 561 589 QUAESTIO†
589 515 654 585 est,
685 505 759 572 eur¹
792 511 951 592 propheta
981 519 1094 594 arguat

27 676 31 685 Ι
99 588 105 590 ’
145 596 443 678 prophanationem
465 597 555 659 illam
578 598 694 680 templi
716 599 804 679 quod
827 601 942 664 habuit
960 601 1092 678 Israhel,

146 685 284 766 quando
306 686 415 766 potius
436 685 568 748 laudare
591 686 740 751 debuerit
761 688 956 770 templorum
979 691 1092 772 impio·

146 794 226 837 rum
248 780 281 836 et
303 781 428 855 praeter
449 775 584 839 verbum
600 775 654 838 dei
669 776 892 840 institutorum
913 779 1093 860 prophana-

146 865 285 926 tionem.
331 863 497 945 Ierahel††
512 865 600 926 enim
616 865 777 946 templum
799 886 857 948 per
882 867 1018 931 verbum
1041 868 1094 930 dei

146 952 340 1016 institutum
377 972 443 1015 non
477 953 632 1030 habebat,
668 954 725 1017 sed
751 948 898 1030 'BetheL
935 957 1094 1039 templum

148 1047 262 1104 autern
283 1040 409 1104 domini
431 1061 489 1123 per
510 1043 645 1106 verbum
660 1042 714 1105 dei
736 1050 769 1106 et
782 1043 1019 1107 ordinationem
1041 1045 1094 1107 dei

146 1129 358 1192 aedificatum
380 1149 484 1193 unum
507 1136 635 1194 tantum
658 1137 728 1194 erat
748 1132 784 1193 in
806 1133 1018 1195 Hierusalem.

243 1213 526 1282 RESPONDEO⁸z
551 1219 655 1282 nihilo
670 1220 779 1282 minus
794 1221 894 1302 impie
910 1229 1092 1302 peccarunt,

244 1430 270 1497 1)
295 1430 388 1484 deest:
415 1445 473 1483 cur.
510 1430 626 1496 Legitur
648 1431 680 1483 in
707 1431 860 1499 proximis:
883 1432 1029 1500 Propheta
1053 1440 1093 1485 ar·

147 1503 215 1570 guit
242 1517 303 1570 sqq.
357 1500 386 1568 2)
422 1500 517 1555 deest:
545 1501 650 1554 Bethel
678 1531 711 1540 -
739 1506 844 1556 autem.
886 1503 1013 1570 Legitur:
1042 1505 1094 1557 sed

146 1573 296 1640 templum
313 1572 423 1626 domini
441 1587 504 1639 sqq.
541 1571 568 1638 3)
594 1573 708 1626 Desunt
725 1578 837 1642 cuneta,
860 1589 934 1642 quae
952 1575 984 1627 in
1001 1576 1094 1641 pagel-

147 1645 190 1698 lis
218 1643 406 1712 sequentibus
433 1643 566 1709 leguntur
593 1644 625 1696 in
652 1641 770 1713 nsua,
802 1660 895 1713 usque
922 1645 959 1697 ad
987 1661 1094 1698 novum

149 1717 257 1782 locum,
276 1715 326 1782 qui
344 1714 496 1781 incipitur:
516 1713 577 1780 Ego
594 1717 693 1769 autem
711 1715 902 1770 exterminavi
914 1716 1092 1776 Amorreum.

148 1788 190 1838 In
213 1785 339 1839 editione
364 1785 479 1852 legitur:
509 1784 696 1854 Respondeo:
730 1785 786 1838 Hic
811 1801 871 1839 non
896 1786 1094 1838 consideratur

148 1856 225 1924 quid
243 1859 293 1910 aut
309 1855 360 1909 ubi
379 1854 510 1924 fecerint,
537 1855 588 1909 sed
608 1871 665 1922 quo
691 1856 775 1908 corde
794 1860 824 1911 et
841 1856 945 1908 affectu
964 1857 1092 1909 fecerint.

148 1927 229 1980 Nam
247 1931 276 1981 et
294 1927 319 1982 si
337 1928 404 1980 falsi
422 1927 550 1980 numinis
570 1927 664 1980 cultus
676 1930 746 1993 erat,
765 1926 801 1979 de
814 1941 871 1992 quo
883 1926 996 1979 nullum
1009 1926 1094 1979 habe-

148 1995 226 2051 bant
245 1997 414 2052 mandatum
430 1997 487 2066 dei,
514 2001 614 2050 tamen
640 1998 710 2064 quia
736 1997 768 2049 in
795 1997 846 2050 illo
867 1997 947 2050 cultu
965 2001 1027 2049 erat
1045 2013 1094 2050 eor

149 2085 295 2136 securum,
314 2084 347 2122 ac
367 2072 554 2122 contemnens
573 2068 668 2136 deum,
694 2083 795 2121 verum
812 2068 906 2122 Deum
933 2072 1093 2122 contemne

148 2141 234 2208 bant,
252 2156 311 2193 non
329 2139 446 2193 idolum.
488 2139 565 2192 Hinc
587 2138 710 2204 legimus
734 2139 766 2191 in
788 2139 939 2205 gentilium
963 2138 1094 2192 historiis

151 2214 352 2278 contemptum
380 2211 520 2264 idolorum
548 2225 634 2277 saepe
661 2209 804 2264 maximas
829 2208 939 2277 ‘poenas
962 2212 1094 2263 secutum

150 2281 291 2350 esse.†i†)
328 2281 402 2334 Nota
429 2285 474 2335 est
502 2281 606 2348 clades,
634 2296 722 2347 quam
750 2280 826 2333 Galli
844 2282 998 2334 Brennone
1020 2281 1093 2333 duce

151 2353 233 2420 apud
256 2353 384 2420 Delphos
408 2350 444 2406 ob
472 2356 672 2418 contemptum
698 2367 807 2404 numen
834 2367 978 2419 accepere.
1019 2351 1094 2405 Nota

151 2428 201 2478 est
213 2423 316 2491 Pyrrhi
335 2423 491 2492 calamitas,
511 2438 584 2489 quae
604 2426 702 2476 secuta
720 2428 765 2477 est
783 2422 974 2490 direptionem
992 2423 1094 2490 templi

151 2495 275 2548 Iunonis
293 2495 324 2547 in
342 2495 433 2548 Italia.
471 2493 621 2548 Eiusmodi
646 2509 756 2560 poenae
781 2510 841 2547 non
863 2494 935 2548 adeo
953 2493 1094 2549 divinitus

152 2565 321 2620 hominibus
340 2560 438 2634 impiis
450 2563 587 2632 accidere,
607 2564 683 2631 quod
696 2565 777 2618 Idola
789 2565 1023 2633 contempserint,
1043 2566 1094 2618 sed

152 2637 232 2704 quod
251 2641 449 2704 contemptum
462 2635 523 2690 veri
536 2635 590 2702 dei,
610 2650 697 2702 quem
709 2636 796 2700 plane
808 2635 987 2702 ignorabant,
1006 2635 1094 2689 etiam

153 2708 277 2762 aliarum
294 2707 465 2774 religionum
484 2709 667 2772 contemptus
685 2705 726 2758 sit
743 2709 874 2758 secutus:
893 2721 968 2771 quae
985 2706 1093 2770 religio

152 2795 209 2833 nes
226 2779 281 2832 etsi
299 2780 416 2832 fuerunt
433 2778 629 2845 blasphemae,
647 2779 746 2829 tamen
759 2774 795 2828 ab
806 2775 879 2842 ipsis
891 2775 1009 2828 habitae
1026 2781 1095 2828 sunt

152 2865 208 2919 pro
226 2850 305 2903 cultu
322 2851 383 2904 veri
402 2850 456 2904 dei.
494 2849 540 2902 Sic
558 2847 685 2916 periuria
702 2845 832 2912 gentium
854 2849 949 2898 certae
967 2849 1037 2898 sunt
1054 2861 1094 2899 se-

152 2925 238 2976 cutae
260 2918 459 2989 poenae††i†:
482 2935 541 2974 non
564 2918 641 2986 quod
663 2917 741 2972 Iovis
763 2915 880 2970 nomine
898 2919 949 2968 aut
967 2914 1095 2969 Castoris

17 2987 18 2996 ’
97 3019 100 3022 -
152 3007 215 3046 non
234 2991 319 3044 liceat
337 2991 425 3060 abuti,
452 2991 503 3044 sed
529 3006 595 3045 eum
619 2989 682 3045 veri
703 2989 750 3042 dei
768 3001 876 3041 nomen
894 2986 1047 3054 nescirent,
1065 2990 1095 3038 et

153 3063 219 3117 eius
237 3063 298 3116 loco
316 3062 462 3116 idolorum
480 3061 597 3115 nomine
614 3064 771 3129 uterentur,
797 3073 871 3126 quae
888 3058 952 3111 loeo
969 3058 1030 3112 veri
1048 3057 1094 3110 dei

154 3132 296 3201 colebant,
316 3137 414 3187 tamen
432 3133 498 3186 falsi
516 3132 590 3186 Idoli
615 3131 733 3185 nomine
758 3129 842 3184 abusi
864 3129 990 3183 suntad
1011 3143 1095 3182 suam

155 3205 399 3273 commoditatem,
423 3204 548 3272 quadam
571 3203 661 3270 impia
678 3201 853 3268 negligentia
870 3205 900 3254 et
919 3202 1095 3267 comtemptu

153 3276 286 3332 omnium
307 3275 486 3341 religionum.
530 3274 587 3337 Qui
607 3277 705 3327 autem
725 3272 860 3326 notitiam
886 3273 946 3326 veri
974 3272 1021 3325 dei
1047 3272 1095 3324 ha·

153 3345 328 3416 bentii-lii
339 3346 398 3401 illis
412 3362 481 3400 sane
493 3361 552 3398 non
566 3345 660 3399 solum
672 3345 748 3411 lieet,
760 3342 813 3396 sed
825 3342 914 3395 etiam
926 3342 1095 3396 mandatum

245 3523 273 3593 †)
292 3525 399 3579 Vuitt.:
419 3523 556 3588 Quaestio
568 3522 604 3576 de
616 3521 732 3590 templo.
769 3518 816 3588 tl)
836 3517 932 3573 Causa
943 3519 1096 3571 damnatae

176 3596 397 3664 rophanationis
415 3594 525 3661 templi.
561 3592 627 3662 †††)
651 3594 724 3646 Ien:
752 3592 846 3654 Quare
868 3590 1014 3643 Idolorum
1033 3602 1095 3670 con-

156 3672 287 3735 temptus
305 3667 433 3736 punitus.
471 3666 577 3719 Vuitt.:
596 3663 735 3730 Impietas
753 3662 864 3729 punita.
900 3657 983 3727 iffi)
1001 3659 1096 3711 Penu-

172 3739 201 3791 ia
218 3739 350 3805 gentium
371 3737 480 3806 punita.
526 3733 627 3804 †††††)
655 3733 700 3786 Pii
727 3733 897 3786 mandatum
924 3730 1033 3783 habent
1060 3729 1096 3782 de

173 3809 379 3864 ontemnendis
398 3809 494 3863 Idolis.

879 3889 937 3941 26⁸
