<?xml version="1.0" encoding="UTF-8"?>
<!DOCTYPE html PUBLIC "-//W3C//DTD XHTML 1.0 Transitional//EN"
    "http://www.w3.org/TR/xhtml1/DTD/xhtml1-transitional.dtd">
<html xmlns="http://www.w3.org/1999/xhtml" xml:lang="en" lang="en">
 <head>
  <title>
</title>
<meta http-equiv="Content-Type" content="text/html;charset=utf-8" />
  <meta name='ocr-system' content='tesseract 3.04.00' />
  <meta name='ocr-capabilities' content='ocr_page ocr_carea ocr_par ocr_line ocrx_word'/>
</head>
<body>
  <div class='ocr_page' id='page_1' title='image "./exegeticaoperal12luthgoog_0211.png"; bbox 0 0 2584 4267; ppageno 0'>
   <div class='ocr_carea' id='block_1_1' title="bbox 216 247 833 333">
    <p class='ocr_par' dir='ltr' id='par_1_1' title="bbox 216 247 833 333">
     <span class='ocr_line' id='line_1_1' title="bbox 216 247 833 333; baseline -0.011 -15"><span class='ocrx_word' id='word_1_1' title='bbox 216 256 281 318; x_wconf 80' lang='lat'><strong>200</strong></span> <span class='ocrx_word' id='word_1_2' title='bbox 529 251 634 333; x_wconf 83' lang='lat' dir='ltr'><strong>Caput</strong></span> <span class='ocrx_word' id='word_1_3' title='bbox 656 247 833 314; x_wconf 83' lang='lat' dir='ltr'><strong>seeundum</strong></span> 
     </span>
    </p>
   </div>
   <div class='ocr_carea' id='block_1_2' title="bbox 148 425 1158 1045">
    <p class='ocr_par' dir='ltr' id='par_1_2' title="bbox 148 425 1158 1045">
     <span class='ocr_line' id='line_1_2' title="bbox 214 425 1158 509; baseline -0.004 -15"><span class='ocrx_word' id='word_1_4' title='bbox 214 438 333 507; x_wconf 91' lang='lat' dir='ltr'><strong>mento,</strong></span> <span class='ocrx_word' id='word_1_5' title='bbox 357 429 490 492; x_wconf 87' lang='lat' dir='ltr'><strong>ecclesia</strong></span> <span class='ocrx_word' id='word_1_6' title='bbox 512 428 599 490; x_wconf 92' lang='lat' dir='ltr'><strong>enim</strong></span> <span class='ocrx_word' id='word_1_7' title='bbox 616 447 689 492; x_wconf 81' lang='lat' dir='ltr'><strong>vere</strong></span> <span class='ocrx_word' id='word_1_8' title='bbox 705 432 754 490; x_wconf 86' lang='lat' dir='ltr'><strong>est</strong></span> <span class='ocrx_word' id='word_1_9' title='bbox 767 425 948 491; x_wconf 86' lang='lat' dir='ltr'><strong>haereditas</strong></span> <span class='ocrx_word' id='word_1_10' title='bbox 964 427 1029 505; x_wconf 86' lang='lat' dir='ltr'><strong>dei,</strong></span> <span class='ocrx_word' id='word_1_11' title='bbox 1054 449 1158 509; x_wconf 90' lang='lat' dir='ltr'><strong>quam</strong></span> 
     </span>
     <span class='ocr_line' id='line_1_3' title="bbox 215 515 1158 598; baseline -0.002 -16"><span class='ocrx_word' id='word_1_12' title='bbox 215 521 294 582; x_wconf 86' lang='lat' dir='ltr'><strong>deus</strong></span> <span class='ocrx_word' id='word_1_13' title='bbox 324 518 386 581; x_wconf 90' lang='lat' dir='ltr'><strong>sibi</strong></span> <span class='ocrx_word' id='word_1_14' title='bbox 415 517 586 598; x_wconf 87' lang='lat' dir='ltr'><strong>acquisivit</strong></span> <span class='ocrx_word' id='word_1_15' title='bbox 614 515 771 596; x_wconf 86' lang='lat' dir='ltr'><strong>sanguine</strong></span> <span class='ocrx_word' id='word_1_16' title='bbox 800 521 833 579; x_wconf 90' lang='lat' dir='ltr'><strong>et</strong></span> <span class='ocrx_word' id='word_1_17' title='bbox 861 523 965 580; x_wconf 88' lang='lat' dir='ltr'><strong>morte</strong></span> <span class='ocrx_word' id='word_1_18' title='bbox 995 517 1158 597; x_wconf 81' lang='lat' dir='ltr'><strong>unigeniti</strong></span> 
     </span>
     <span class='ocr_line' id='line_1_4' title="bbox 214 603 1158 687; baseline -0.001 -16"><span class='ocrx_word' id='word_1_19' title='bbox 214 610 265 671; x_wconf 89' lang='lat' dir='ltr'><strong>sui</strong></span> <span class='ocrx_word' id='word_1_20' title='bbox 289 608 357 670; x_wconf 90' lang='lat' dir='ltr'><strong>filii.</strong></span> <span class='ocrx_word' id='word_1_21' title='bbox 403 607 493 669; x_wconf 87' lang='lat' dir='ltr'><strong>Haec</strong></span> <span class='ocrx_word' id='word_1_22' title='bbox 514 605 695 668; x_wconf 81' lang='lat' dir='ltr'><strong>haereditas</strong></span> <span class='ocrx_word' id='word_1_23' title='bbox 725 623 800 668; x_wconf 90' lang='lat' dir='ltr'><strong>cum</strong></span> <span class='ocrx_word' id='word_1_24' title='bbox 828 605 1039 687; x_wconf 77' lang='lat' dir='ltr'>periclitatur,</span> <span class='ocrx_word' id='word_1_25' title='bbox 1073 603 1158 670; x_wconf 90' lang='lat' dir='ltr'><strong>sicut</strong></span> 
     </span>
     <span class='ocr_line' id='line_1_5' title="bbox 215 693 1156 776; baseline -0.002 -16"><span class='ocrx_word' id='word_1_26' title='bbox 215 697 349 760; x_wconf 88' lang='lat' dir='ltr'><strong>Turcica</strong></span> <span class='ocrx_word' id='word_1_27' title='bbox 371 696 527 776; x_wconf 86' lang='lat' dir='ltr'><strong>tyrannis,</strong></span> <span class='ocrx_word' id='word_1_28' title='bbox 552 701 585 758; x_wconf 94' lang='lat' dir='ltr'><strong>et</strong></span> <span class='ocrx_word' id='word_1_29' title='bbox 605 693 792 758; x_wconf 90' lang='lat' dir='ltr'><strong>Pontificius</strong></span> <span class='ocrx_word' id='word_1_30' title='bbox 814 693 903 757; x_wconf 84' lang='lat' dir='ltr'><strong>furor</strong></span> <span class='ocrx_word' id='word_1_31' title='bbox 925 695 1070 776; x_wconf 83' lang='lat' dir='ltr'><strong>proiecto</strong></span> <span class='ocrx_word' id='word_1_32' title='bbox 1092 715 1156 758; x_wconf 90' lang='lat' dir='ltr'><strong>cer-</strong></span> 
     </span>
     <span class='ocr_line' id='line_1_6' title="bbox 213 783 1157 867; baseline -0.002 -18"><span class='ocrx_word' id='word_1_33' title='bbox 213 793 286 849; x_wconf 88' lang='lat' dir='ltr'><strong>tum</strong></span> <span class='ocrx_word' id='word_1_34' title='bbox 307 785 487 867; x_wconf 90' lang='lat' dir='ltr'><strong>periculum</strong></span> <span class='ocrx_word' id='word_1_35' title='bbox 509 783 697 859; x_wconf 87' lang='lat' dir='ltr'><strong>ostendunt,</strong></span> <span class='ocrx_word' id='word_1_36' title='bbox 722 783 781 845; x_wconf 81' lang='lat' dir='ltr'><strong>nos</strong></span> <span class='ocrx_word' id='word_1_37' title='bbox 804 802 933 862; x_wconf 87' lang='lat' dir='ltr'><strong>quoque</strong></span> <span class='ocrx_word' id='word_1_38' title='bbox 956 783 1090 847; x_wconf 90' lang='lat' dir='ltr'><strong>excitari</strong></span> <span class='ocrx_word' id='word_1_39' title='bbox 1112 784 1157 847; x_wconf 85' lang='lat' dir='ltr'><strong>ed</strong></span> 
     </span>
     <span class='ocr_line' id='line_1_7' title="bbox 214 870 1156 953; baseline -0.002 -16"><span class='ocrx_word' id='word_1_40' title='bbox 214 876 391 938; x_wconf 87' lang='lat' dir='ltr'><strong>orationem</strong></span> <span class='ocrx_word' id='word_1_41' title='bbox 407 893 444 936; x_wconf 90' lang='lat' dir='ltr'><strong>ac</strong></span> <span class='ocrx_word' id='word_1_42' title='bbox 459 876 579 935; x_wconf 89' lang='lat' dir='ltr'><strong>certam</strong></span> <span class='ocrx_word' id='word_1_43' title='bbox 601 870 816 950; x_wconf 79' lang='lat' dir='ltr'><strong>exauditionis</strong></span> <span class='ocrx_word' id='word_1_44' title='bbox 840 891 931 953; x_wconf 87' lang='lat' dir='ltr'><strong>spem</strong></span> <span class='ocrx_word' id='word_1_45' title='bbox 945 872 1008 934; x_wconf 87' lang='lat' dir='ltr'><strong>hac</strong></span> <span class='ocrx_word' id='word_1_46' title='bbox 1030 872 1156 936; x_wconf 90' lang='lat' dir='ltr'><strong>ratione</strong></span> 
     </span>
     <span class='ocr_line' id='line_1_8' title="bbox 148 955 1154 1045; baseline -0.004 -19"><span class='ocrx_word' id='word_1_47' title='bbox 148 955 152 962; x_wconf 76' lang='grc'><strong>’</strong></span> <span class='ocrx_word' id='word_1_48' title='bbox 214 963 380 1045; x_wconf 78' lang='lat' dir='ltr'><strong>concipere</strong></span> <span class='ocrx_word' id='word_1_49' title='bbox 395 961 561 1038; x_wconf 76' lang='lat' dir='ltr'>debemus,</span> <span class='ocrx_word' id='word_1_50' title='bbox 578 979 678 1040; x_wconf 88' lang='lat' dir='ltr'><strong>quem</strong></span> <span class='ocrx_word' id='word_1_51' title='bbox 692 961 851 1041; x_wconf 87' lang='lat' dir='ltr'><strong>propheta</strong></span> <span class='ocrx_word' id='word_1_52' title='bbox 869 959 935 1024; x_wconf 87' lang='lat' dir='ltr'><strong>suis</strong></span> <span class='ocrx_word' id='word_1_53' title='bbox 954 958 1154 1042; x_wconf 83' lang='lat' dir='ltr'><strong>praescribit.</strong></span> 
     </span>
    </p>
   </div>
   <div class='ocr_carea' id='block_1_3' title="bbox 304 1046 1209 1131">
    <p class='ocr_par' dir='ltr' id='par_1_3' title="bbox 304 1046 1209 1131">
     <span class='ocr_line' id='line_1_9' title="bbox 304 1046 1209 1131; baseline -0.001 -17"><span class='ocrx_word' id='word_1_54' title='bbox 304 1051 366 1114; x_wconf 85' lang='lat' dir='ltr'><strong>Sed</strong></span> <span class='ocrx_word' id='word_1_55' title='bbox 388 1052 467 1114; x_wconf 90' lang='lat' dir='ltr'><strong>utile</strong></span> <span class='ocrx_word' id='word_1_56' title='bbox 490 1057 539 1113; x_wconf 89' lang='lat' dir='ltr'><strong>eet</strong></span> <span class='ocrx_word' id='word_1_57' title='bbox 560 1050 668 1113; x_wconf 76' lang='lat' dir='ltr'><strong>ridere</strong></span> <span class='ocrx_word' id='word_1_58' title='bbox 691 1046 814 1128; x_wconf 88' lang='lat' dir='ltr'><strong>reliqua</strong></span> <span class='ocrx_word' id='word_1_59' title='bbox 833 1067 961 1130; x_wconf 88' lang='lat' dir='ltr'><strong>quoque</strong></span> <span class='ocrx_word' id='word_1_60' title='bbox 977 1051 1156 1131; x_wconf 90' lang='lat' dir='ltr'><strong>prophetae</strong></span> <span class='ocrx_word' id='word_1_61' title='bbox 1203 1083 1209 1087; x_wconf 95' lang='lat'>·</span> 
     </span>
    </p>
   </div>
   <div class='ocr_carea' id='block_1_4' title="bbox 179 1137 1160 3083">
    <p class='ocr_par' dir='ltr' id='par_1_4' title="bbox 179 1137 1160 3083">
     <span class='ocr_line' id='line_1_10' title="bbox 214 1137 1156 1216; baseline -0.002 -13"><span class='ocrx_word' id='word_1_62' title='bbox 214 1141 333 1203; x_wconf 87' lang='lat' dir='ltr'><strong>alicubi</strong></span> <span class='ocrx_word' id='word_1_63' title='bbox 369 1141 587 1202; x_wconf 91' lang='lat' dir='ltr'><strong>meminerunt</strong></span> <span class='ocrx_word' id='word_1_64' title='bbox 623 1138 659 1200; x_wconf 89' lang='lat' dir='ltr'><strong>in</strong></span> <span class='ocrx_word' id='word_1_65' title='bbox 695 1137 894 1201; x_wconf 88' lang='lat' dir='ltr'><strong>orationibus</strong></span> <span class='ocrx_word' id='word_1_66' title='bbox 932 1137 1156 1216; x_wconf 78' lang='lat' dir='ltr'><strong>calamitatum</strong></span> 
     </span>
     <span class='ocr_line' id='line_1_11' title="bbox 214 1223 1155 1310; baseline -0.001 -18"><span class='ocrx_word' id='word_1_67' title='bbox 214 1251 295 1310; x_wconf 90' lang='lat' dir='ltr'><strong>quas</strong></span> <span class='ocrx_word' id='word_1_68' title='bbox 323 1229 418 1292; x_wconf 91' lang='lat' dir='ltr'><strong>leniri</strong></span> <span class='ocrx_word' id='word_1_69' title='bbox 446 1234 573 1310; x_wconf 88' lang='lat' dir='ltr'><strong>optant,</strong></span> <span class='ocrx_word' id='word_1_70' title='bbox 608 1223 693 1290; x_wconf 89' lang='lat' dir='ltr'><strong>sicut</strong></span> <span class='ocrx_word' id='word_1_71' title='bbox 719 1245 816 1309; x_wconf 88' lang='lat' dir='ltr'><strong>supra</strong></span> <span class='ocrx_word' id='word_1_72' title='bbox 849 1227 885 1289; x_wconf 92' lang='lat' dir='ltr'><strong>in</strong></span> <span class='ocrx_word' id='word_1_73' title='bbox 913 1227 1018 1309; x_wconf 85' lang='lat' dir='ltr'><strong>primo</strong></span> <span class='ocrx_word' id='word_1_74' title='bbox 1048 1228 1155 1310; x_wconf 91' lang='lat' dir='ltr'><strong>capite</strong></span> 
     </span>
     <span class='ocr_line' id='line_1_12' title="bbox 214 1314 1155 1400; baseline -0.001 -20"><span class='ocrx_word' id='word_1_75' title='bbox 214 1319 365 1381; x_wconf 81' lang='lat' dir='ltr'><strong>meminit</strong></span> <span class='ocrx_word' id='word_1_76' title='bbox 393 1319 551 1400; x_wconf 91' lang='lat' dir='ltr'><strong>propheta</strong></span> <span class='ocrx_word' id='word_1_77' title='bbox 576 1314 704 1378; x_wconf 88' lang='lat' dir='ltr'><strong>hostilis</strong></span> <span class='ocrx_word' id='word_1_78' title='bbox 733 1314 817 1394; x_wconf 86' lang='lat' dir='ltr'><strong>ignis</strong></span> <span class='ocrx_word' id='word_1_79' title='bbox 847 1322 880 1379; x_wconf 88' lang='lat' dir='ltr'><strong>et</strong></span> <span class='ocrx_word' id='word_1_80' title='bbox 912 1314 1086 1392; x_wconf 87' lang='lat' dir='ltr'><strong>vastitatie,</strong></span> <span class='ocrx_word' id='word_1_81' title='bbox 1122 1325 1155 1379; x_wconf 90' lang='lat' dir='ltr'><strong>ct</strong></span> 
     </span>
     <span class='ocr_line' id='line_1_13' title="bbox 214 1401 1154 1487; baseline -0.001 -19"><span class='ocrx_word' id='word_1_82' title='bbox 214 1401 387 1487; x_wconf 80' lang='lat' dir='ltr'><strong>psalmus,¹</strong></span> <span class='ocrx_word' id='word_1_83' title='bbox 415 1406 494 1468; x_wconf 89' lang='lat' dir='ltr'><strong>deus</strong></span> <span class='ocrx_word' id='word_1_84' title='bbox 516 1411 675 1469; x_wconf 87' lang='lat' dir='ltr'><strong>venerunt</strong></span> <span class='ocrx_word' id='word_1_85' title='bbox 697 1410 817 1484; x_wconf 85' lang='lat' dir='ltr'><strong>gentes,</strong></span> <span class='ocrx_word' id='word_1_86' title='bbox 841 1410 1072 1469; x_wconf 87' lang='lat' dir='ltr'><strong>commemorat</strong></span> <span class='ocrx_word' id='word_1_87' title='bbox 1087 1425 1154 1467; x_wconf 87' lang='lat' dir='ltr'><strong>cru-</strong></span> 
     </span>
     <span class='ocr_line' id='line_1_14' title="bbox 215 1491 1154 1575; baseline -0.001 -18"><span class='ocrx_word' id='word_1_88' title='bbox 215 1495 380 1558; x_wconf 90' lang='lat' dir='ltr'><strong>delitatem</strong></span> <span class='ocrx_word' id='word_1_89' title='bbox 402 1494 566 1570; x_wconf 80' lang='lat' dir='ltr'><strong>hostilem,</strong></span> <span class='ocrx_word' id='word_1_90' title='bbox 597 1513 734 1574; x_wconf 89' lang='lat' dir='ltr'><strong>eamque</strong></span> <span class='ocrx_word' id='word_1_91' title='bbox 757 1491 884 1573; x_wconf 82' lang='lat' dir='ltr'><strong>tragicis</strong></span> <span class='ocrx_word' id='word_1_92' title='bbox 907 1493 1018 1573; x_wconf 83' lang='lat' dir='ltr'><strong>figuris</strong></span> <span class='ocrx_word' id='word_1_93' title='bbox 1042 1495 1154 1575; x_wconf 89' lang='lat' dir='ltr'><strong>ampli-</strong></span> 
     </span>
     <span class='ocr_line' id='line_1_15' title="bbox 214 1582 1156 1663; baseline -0.002 -17"><span class='ocrx_word' id='word_1_94' title='bbox 214 1583 297 1646; x_wconf 90' lang='lat' dir='ltr'><strong>ficat.</strong></span> <span class='ocrx_word' id='word_1_95' title='bbox 344 1583 537 1645; x_wconf 77' lang='lat' dir='ltr'><strong>Effuderunt</strong></span> <span class='ocrx_word' id='word_1_96' title='bbox 559 1582 750 1662; x_wconf 86' lang='lat' dir='ltr'><strong>sanguinem</strong></span> <span class='ocrx_word' id='word_1_97' title='bbox 772 1586 929 1662; x_wconf 81' lang='lat' dir='ltr'><strong>tanquam</strong></span> <span class='ocrx_word' id='word_1_98' title='bbox 952 1601 1071 1662; x_wconf 85' lang='lat' dir='ltr'><strong>aquam</strong></span> <span class='ocrx_word' id='word_1_99' title='bbox 1098 1601 1156 1663; x_wconf 90' lang='lat' dir='ltr'><strong>per</strong></span> 
     </span>
     <span class='ocr_line' id='line_1_16' title="bbox 215 1665 1155 1747; baseline -0.001 -13"><span class='ocrx_word' id='word_1_100' title='bbox 215 1670 384 1735; x_wconf 91' lang='lat' dir='ltr'><strong>circuitum</strong></span> <span class='ocrx_word' id='word_1_101' title='bbox 405 1671 621 1747; x_wconf 81' lang='lat' dir='ltr'><strong>Hierusalem,</strong></span> <span class='ocrx_word' id='word_1_102' title='bbox 654 1665 732 1734; x_wconf 81' lang='lat' dir='ltr'><strong>etc.²</strong></span> <span class='ocrx_word' id='word_1_103' title='bbox 780 1669 871 1733; x_wconf 92' lang='lat' dir='ltr'><strong>Haec</strong></span> <span class='ocrx_word' id='word_1_104' title='bbox 897 1671 1006 1734; x_wconf 90' lang='lat' dir='ltr'><strong>omnia</strong></span> <span class='ocrx_word' id='word_1_105' title='bbox 1028 1671 1092 1734; x_wconf 93' lang='lat' dir='ltr'><strong>hoc</strong></span> <span class='ocrx_word' id='word_1_106' title='bbox 1120 1671 1155 1733; x_wconf 93' lang='lat' dir='ltr'><strong>in</strong></span> 
     </span>
     <span class='ocr_line' id='line_1_17' title="bbox 214 1759 1156 1842; baseline -0.001 -19"><span class='ocrx_word' id='word_1_107' title='bbox 214 1762 284 1823; x_wconf 89' lang='lat' dir='ltr'><strong>loco</strong></span> <span class='ocrx_word' id='word_1_108' title='bbox 318 1761 461 1824; x_wconf 86' lang='lat' dir='ltr'><strong>obmittit</strong></span> <span class='ocrx_word' id='word_1_109' title='bbox 493 1761 664 1842; x_wconf 89' lang='lat' dir='ltr'><strong>propheta,</strong></span> <span class='ocrx_word' id='word_1_110' title='bbox 703 1763 737 1822; x_wconf 89' lang='lat' dir='ltr'><strong>et</strong></span> <span class='ocrx_word' id='word_1_111' title='bbox 769 1765 898 1823; x_wconf 91' lang='lat' dir='ltr'><strong>tantum</strong></span> <span class='ocrx_word' id='word_1_112' title='bbox 932 1759 1077 1839; x_wconf 88' lang='lat' dir='ltr'><strong>queritur</strong></span> <span class='ocrx_word' id='word_1_113' title='bbox 1115 1759 1156 1822; x_wconf 90' lang='lat' dir='ltr'><strong>de</strong></span> 
     </span>
     <span class='ocr_line' id='line_1_18' title="bbox 215 1847 1155 1932; baseline -0.002 -20"><span class='ocrx_word' id='word_1_114' title='bbox 215 1850 400 1932; x_wconf 89' lang='lat' dir='ltr'><strong>opprobrio,</strong></span> <span class='ocrx_word' id='word_1_115' title='bbox 436 1868 477 1911; x_wconf 92' lang='lat' dir='ltr'><strong>ne</strong></span> <span class='ocrx_word' id='word_1_116' title='bbox 507 1849 593 1912; x_wconf 86' lang='lat' dir='ltr'><strong>sinat</strong></span> <span class='ocrx_word' id='word_1_117' title='bbox 625 1847 784 1910; x_wconf 87' lang='lat' dir='ltr'><strong>dominus</strong></span> <span class='ocrx_word' id='word_1_118' title='bbox 810 1848 969 1930; x_wconf 87' lang='lat' dir='ltr'><strong>populum</strong></span> <span class='ocrx_word' id='word_1_119' title='bbox 1003 1867 1102 1910; x_wconf 88' lang='lat' dir='ltr'><strong>suum</strong></span> <span class='ocrx_word' id='word_1_120' title='bbox 1136 1869 1155 1911; x_wconf 90' lang='lat' dir='ltr'><strong>a</strong></span> 
     </span>
     <span class='ocr_line' id='line_1_19' title="bbox 215 1935 1155 2020; baseline -0.001 -19"><span class='ocrx_word' id='word_1_121' title='bbox 215 1939 364 2018; x_wconf 84' lang='lat' dir='ltr'><strong>gentibus</strong></span> <span class='ocrx_word' id='word_1_122' title='bbox 380 1938 487 2020; x_wconf 90' lang='lat' dir='ltr'><strong>diripi.</strong></span> <span class='ocrx_word' id='word_1_123' title='bbox 515 1939 675 2001; x_wconf 82' lang='lat' dir='ltr'><strong>Futurum</strong></span> <span class='ocrx_word' id='word_1_124' title='bbox 690 1936 787 2013; x_wconf 90' lang='lat' dir='ltr'><strong>enim,</strong></span> <span class='ocrx_word' id='word_1_125' title='bbox 804 1942 842 1999; x_wconf 90' lang='lat' dir='ltr'><strong>ut</strong></span> <span class='ocrx_word' id='word_1_126' title='bbox 856 1936 969 2018; x_wconf 87' lang='lat' dir='ltr'><strong>populi</strong></span> <span class='ocrx_word' id='word_1_127' title='bbox 984 1935 1155 2018; x_wconf 85' lang='lat' dir='ltr'><strong>captivitas</strong></span> 
     </span>
     <span class='ocr_line' id='line_1_20' title="bbox 215 2024 1157 2108; baseline -0.001 -19"><span class='ocrx_word' id='word_1_128' title='bbox 215 2034 326 2108; x_wconf 86' lang='lat' dir='ltr'><strong>vergat</strong></span> <span class='ocrx_word' id='word_1_129' title='bbox 361 2025 396 2089; x_wconf 92' lang='lat' dir='ltr'><strong>in</strong></span> <span class='ocrx_word' id='word_1_130' title='bbox 432 2027 646 2108; x_wconf 83' lang='lat' dir='ltr'><strong>ignominiam</strong></span> <span class='ocrx_word' id='word_1_131' title='bbox 682 2024 749 2102; x_wconf 89' lang='lat' dir='ltr'><strong>dei,</strong></span> <span class='ocrx_word' id='word_1_132' title='bbox 785 2026 1032 2108; x_wconf 79' lang='lat' dir='ltr'><strong>exprobraturus</strong></span> <span class='ocrx_word' id='word_1_133' title='bbox 1067 2027 1157 2088; x_wconf 90' lang='lat' dir='ltr'><strong>enim</strong></span> 
     </span>
     <span class='ocr_line' id='line_1_21' title="bbox 215 2111 1160 2196; baseline 0 -18"><span class='ocrx_word' id='word_1_134' title='bbox 215 2123 326 2196; x_wconf 84' lang='lat' dir='ltr'><strong>gentes</strong></span> <span class='ocrx_word' id='word_1_135' title='bbox 348 2116 489 2193; x_wconf 86' lang='lat' dir='ltr'><strong>Iudaeis,</strong></span> <span class='ocrx_word' id='word_1_136' title='bbox 513 2115 571 2179; x_wconf 87' lang='lat' dir='ltr'><strong>ubi</strong></span> <span class='ocrx_word' id='word_1_137' title='bbox 593 2117 636 2179; x_wconf 91' lang='lat' dir='ltr'><strong>sit</strong></span> <span class='ocrx_word' id='word_1_138' title='bbox 658 2114 751 2191; x_wconf 89' lang='lat' dir='ltr'><strong>deus,</strong></span> <span class='ocrx_word' id='word_1_139' title='bbox 782 2129 880 2194; x_wconf 87' lang='lat' dir='ltr'><strong>quem</strong></span> <span class='ocrx_word' id='word_1_140' title='bbox 903 2111 962 2177; x_wconf 90' lang='lat' dir='ltr'><strong>soli</strong></span> <span class='ocrx_word' id='word_1_141' title='bbox 985 2134 1018 2176; x_wconf 91' lang='lat' dir='ltr'><strong>se</strong></span> <span class='ocrx_word' id='word_1_142' title='bbox 1041 2118 1160 2179; x_wconf 80' lang='lat' dir='ltr'><strong>vemm&#39;</strong></span> 
     </span>
     <span class='ocr_line' id='line_1_22' title="bbox 215 2201 1157 2284; baseline -0.001 -17"><span class='ocrx_word' id='word_1_143' title='bbox 215 2206 350 2268; x_wconf 88' lang='lat' dir='ltr'><strong>coluisse</strong></span> <span class='ocrx_word' id='word_1_144' title='bbox 373 2211 406 2267; x_wconf 91' lang='lat' dir='ltr'><strong>et</strong></span> <span class='ocrx_word' id='word_1_145' title='bbox 428 2205 596 2284; x_wconf 83' lang='lat' dir='ltr'><strong>agnovisse</strong></span> <span class='ocrx_word' id='word_1_146' title='bbox 612 2201 773 2267; x_wconf 88' lang='lat' dir='ltr'><strong>iactarunt</strong></span> <span class='ocrx_word' id='word_1_147' title='bbox 787 2203 989 2266; x_wconf 89' lang='lat' dir='ltr'><strong>dammantes</strong></span> <span class='ocrx_word' id='word_1_148' title='bbox 1006 2205 1157 2266; x_wconf 91' lang='lat' dir='ltr'><strong>omnium</strong></span> 
     </span>
     <span class='ocr_line' id='line_1_23' title="bbox 215 2292 1157 2373; baseline -0.001 -17"><span class='ocrx_word' id='word_1_149' title='bbox 215 2294 361 2373; x_wconf 88' lang='lat' dir='ltr'><strong>gentium</strong></span> <span class='ocrx_word' id='word_1_150' title='bbox 376 2293 452 2355; x_wconf 89' lang='lat' dir='ltr'><strong>deos</strong></span> <span class='ocrx_word' id='word_1_151' title='bbox 468 2299 500 2355; x_wconf 91' lang='lat' dir='ltr'><strong>et</strong></span> <span class='ocrx_word' id='word_1_152' title='bbox 515 2294 629 2355; x_wconf 88' lang='lat' dir='ltr'><strong>cultus.</strong></span> <span class='ocrx_word' id='word_1_153' title='bbox 668 2293 810 2355; x_wconf 85' lang='lat' dir='ltr'><strong>Pertinet</strong></span> <span class='ocrx_word' id='word_1_154' title='bbox 824 2299 933 2354; x_wconf 89' lang='lat' dir='ltr'><strong>autem</strong></span> <span class='ocrx_word' id='word_1_155' title='bbox 946 2292 1009 2355; x_wconf 89' lang='lat' dir='ltr'><strong>hoc</strong></span> <span class='ocrx_word' id='word_1_156' title='bbox 1024 2311 1157 2372; x_wconf 87' lang='lat' dir='ltr'><strong>quoque</strong></span> 
     </span>
     <span class='ocr_line' id='line_1_24' title="bbox 215 2379 1158 2444; baseline 0.001 -1"><span class='ocrx_word' id='word_1_157' title='bbox 215 2381 258 2443; x_wconf 90' lang='lat' dir='ltr'><strong>ad</strong></span> <span class='ocrx_word' id='word_1_158' title='bbox 280 2401 339 2443; x_wconf 90' lang='lat' dir='ltr'><strong>nos</strong></span> <span class='ocrx_word' id='word_1_159' title='bbox 362 2380 523 2443; x_wconf 86' lang='lat' dir='ltr'><strong>docendos</strong></span> <span class='ocrx_word' id='word_1_160' title='bbox 546 2380 587 2442; x_wconf 90' lang='lat' dir='ltr'><strong>de</strong></span> <span class='ocrx_word' id='word_1_161' title='bbox 609 2381 673 2442; x_wconf 87' lang='lat' dir='ltr'><strong>fine</strong></span> <span class='ocrx_word' id='word_1_162' title='bbox 696 2379 916 2444; x_wconf 88' lang='lat' dir='ltr'><strong>invocationis.</strong></span> <span class='ocrx_word' id='word_1_163' title='bbox 963 2382 1036 2444; x_wconf 88' lang='lat' dir='ltr'><strong>Non</strong></span> <span class='ocrx_word' id='word_1_164' title='bbox 1067 2383 1158 2444; x_wconf 92' lang='lat' dir='ltr'><strong>enim</strong></span> 
     </span>
     <span class='ocr_line' id='line_1_25' title="bbox 215 2467 1155 2552; baseline 0.002 -20"><span class='ocrx_word' id='word_1_165' title='bbox 215 2469 269 2532; x_wconf 90' lang='lat' dir='ltr'><strong>hic</strong></span> <span class='ocrx_word' id='word_1_166' title='bbox 291 2469 439 2552; x_wconf 81' lang='lat' dir='ltr'><strong>proprius</strong></span> <span class='ocrx_word' id='word_1_167' title='bbox 461 2469 536 2531; x_wconf 87' lang='lat' dir='ltr'><strong>finis</strong></span> <span class='ocrx_word' id='word_1_168' title='bbox 563 2487 632 2531; x_wconf 88' lang='lat' dir='ltr'><strong>csse</strong></span> <span class='ocrx_word' id='word_1_169' title='bbox 662 2467 770 2546; x_wconf 89' lang='lat' dir='ltr'><strong>debet,</strong></span> <span class='ocrx_word' id='word_1_170' title='bbox 802 2469 896 2533; x_wconf 92' lang='lat' dir='ltr'><strong>nobis</strong></span> <span class='ocrx_word' id='word_1_171' title='bbox 925 2476 963 2532; x_wconf 92' lang='lat' dir='ltr'><strong>ut</strong></span> <span class='ocrx_word' id='word_1_172' title='bbox 990 2470 1075 2533; x_wconf 88' lang='lat' dir='ltr'><strong>bene</strong></span> <span class='ocrx_word' id='word_1_173' title='bbox 1104 2468 1155 2546; x_wconf 89' lang='lat' dir='ltr'><strong>sit,</strong></span> 
     </span>
     <span class='ocr_line' id='line_1_26' title="bbox 216 2557 1157 2640; baseline 0.002 -20"><span class='ocrx_word' id='word_1_174' title='bbox 216 2558 272 2621; x_wconf 89' lang='lat' dir='ltr'><strong>sed</strong></span> <span class='ocrx_word' id='word_1_175' title='bbox 295 2564 333 2620; x_wconf 90' lang='lat' dir='ltr'><strong>ut</strong></span> <span class='ocrx_word' id='word_1_176' title='bbox 355 2557 408 2619; x_wconf 93' lang='lat' dir='ltr'><strong>dei</strong></span> <span class='ocrx_word' id='word_1_177' title='bbox 430 2558 531 2638; x_wconf 86' lang='lat' dir='ltr'><strong>gloria</strong></span> <span class='ocrx_word' id='word_1_178' title='bbox 552 2564 786 2639; x_wconf 78' lang='lat' dir='ltr'><strong>promoveatur;</strong></span> <span class='ocrx_word' id='word_1_179' title='bbox 832 2557 932 2621; x_wconf 89' lang='lat' dir='ltr'><strong>Nobis</strong></span> <span class='ocrx_word' id='word_1_180' title='bbox 955 2559 1043 2620; x_wconf 91' lang='lat' dir='ltr'><strong>enim</strong></span> <span class='ocrx_word' id='word_1_181' title='bbox 1060 2579 1157 2640; x_wconf 87' lang='lat' dir='ltr'><strong>saepe</strong></span> 
     </span>
     <span class='ocr_line' id='line_1_27' title="bbox 215 2640 1156 2728; baseline 0.003 -20"><span class='ocrx_word' id='word_1_182' title='bbox 215 2647 346 2728; x_wconf 89' lang='lat' dir='ltr'><strong>prodest</strong></span> <span class='ocrx_word' id='word_1_183' title='bbox 367 2647 506 2710; x_wconf 86' lang='lat' dir='ltr'><strong>exerceri</strong></span> <span class='ocrx_word' id='word_1_184' title='bbox 525 2664 628 2710; x_wconf 86' lang='lat' dir='ltr'><strong>cruce.</strong></span> <span class='ocrx_word' id='word_1_185' title='bbox 679 2640 774 2709; x_wconf 80' lang='lat' dir='ltr'><strong>³Ideo</strong></span> <span class='ocrx_word' id='word_1_186' title='bbox 797 2645 877 2709; x_wconf 89' lang='lat' dir='ltr'><strong>dicit</strong></span> <span class='ocrx_word' id='word_1_187' title='bbox 890 2641 1039 2723; x_wconf 73' lang='lat' dir='ltr'><strong>Paulus,⁴</strong></span> <span class='ocrx_word' id='word_1_188' title='bbox 1066 2643 1156 2728; x_wconf 87' lang='lat' dir='ltr'><strong>igno·</strong></span> 
     </span>
     <span class='ocr_line' id='line_1_28' title="bbox 179 2735 1156 2817; baseline 0.001 -19"><span class='ocrx_word' id='word_1_189' title='bbox 179 2771 185 2785; x_wconf 90' lang='lat'><strong>·</strong></span> <span class='ocrx_word' id='word_1_190' title='bbox 215 2756 285 2798; x_wconf 87' lang='lat' dir='ltr'><strong>rare</strong></span> <span class='ocrx_word' id='word_1_191' title='bbox 307 2756 366 2799; x_wconf 87' lang='lat' dir='ltr'><strong>nos</strong></span> <span class='ocrx_word' id='word_1_192' title='bbox 388 2737 468 2817; x_wconf 91' lang='lat' dir='ltr'><strong>quid</strong></span> <span class='ocrx_word' id='word_1_193' title='bbox 496 2742 654 2817; x_wconf 91' lang='lat' dir='ltr'><strong>petamus.</strong></span> <span class='ocrx_word' id='word_1_194' title='bbox 702 2735 786 2798; x_wconf 80' lang='lat' dir='ltr'><strong>Tum</strong></span> <span class='ocrx_word' id='word_1_195' title='bbox 815 2741 924 2798; x_wconf 85' lang='lat' dir='ltr'><strong>autem</strong></span> <span class='ocrx_word' id='word_1_196' title='bbox 952 2741 1036 2798; x_wconf 88' lang='lat' dir='ltr'><strong>recte</strong></span> <span class='ocrx_word' id='word_1_197' title='bbox 1065 2757 1156 2799; x_wconf 90' lang='lat' dir='ltr'><strong>orna·</strong></span> 
     </span>
     <span class='ocr_line' id='line_1_29' title="bbox 214 2823 1156 2906; baseline 0 -17"><span class='ocrx_word' id='word_1_198' title='bbox 214 2826 355 2889; x_wconf 77' lang='lat' dir='ltr'><strong>venimus</strong></span> <span class='ocrx_word' id='word_1_199' title='bbox 384 2832 416 2888; x_wconf 91' lang='lat' dir='ltr'><strong>et</strong></span> <span class='ocrx_word' id='word_1_200' title='bbox 445 2826 523 2888; x_wconf 86' lang='lat' dir='ltr'><strong>certi</strong></span> <span class='ocrx_word' id='word_1_201' title='bbox 556 2824 597 2887; x_wconf 90' lang='lat' dir='ltr'><strong>de</strong></span> <span class='ocrx_word' id='word_1_202' title='bbox 626 2823 832 2888; x_wconf 85' lang='lat' dir='ltr'><strong>exauditione</strong></span> <span class='ocrx_word' id='word_1_203' title='bbox 866 2843 935 2887; x_wconf 90' lang='lat' dir='ltr'><strong>esse</strong></span> <span class='ocrx_word' id='word_1_204' title='bbox 968 2841 1156 2906; x_wconf 86' lang='lat' dir='ltr'><strong>possumus,</strong></span> 
     </span>
     <span class='ocr_line' id='line_1_30' title="bbox 215 2911 1139 2995; baseline -0.001 -18"><span class='ocrx_word' id='word_1_205' title='bbox 215 2915 347 2995; x_wconf 90' lang='lat' dir='ltr'><strong>quando</strong></span> <span class='ocrx_word' id='word_1_206' title='bbox 369 2935 445 2978; x_wconf 90' lang='lat' dir='ltr'><strong>oum</strong></span> <span class='ocrx_word' id='word_1_207' title='bbox 467 2921 576 2977; x_wconf 89' lang='lat' dir='ltr'><strong>nostro</strong></span> <span class='ocrx_word' id='word_1_208' title='bbox 605 2911 747 2994; x_wconf 88' lang='lat' dir='ltr'><strong>periculo</strong></span> <span class='ocrx_word' id='word_1_209' title='bbox 777 2913 948 2975; x_wconf 90' lang='lat' dir='ltr'><strong>coniuncta</strong></span> <span class='ocrx_word' id='word_1_210' title='bbox 976 2919 1025 2976; x_wconf 90' lang='lat' dir='ltr'><strong>est</strong></span> <span class='ocrx_word' id='word_1_211' title='bbox 1054 2914 1139 2994; x_wconf 86' lang='lat' dir='ltr'><strong>glori</strong></span> 
     </span>
     <span class='ocr_line' id='line_1_31' title="bbox 215 3001 1157 3083; baseline 0.003 -19"><span class='ocrx_word' id='word_1_212' title='bbox 215 3004 278 3065; x_wconf 90' lang='lat' dir='ltr'><strong>dei.</strong></span> <span class='ocrx_word' id='word_1_213' title='bbox 324 3005 423 3066; x_wconf 88' lang='lat' dir='ltr'><strong>Iussit</strong></span> <span class='ocrx_word' id='word_1_214' title='bbox 445 3003 533 3064; x_wconf 90' lang='lat' dir='ltr'><strong>enim</strong></span> <span class='ocrx_word' id='word_1_215' title='bbox 556 3023 615 3065; x_wconf 90' lang='lat' dir='ltr'><strong>nos</strong></span> <span class='ocrx_word' id='word_1_216' title='bbox 638 3001 790 3066; x_wconf 90' lang='lat' dir='ltr'><strong>dominus</strong></span> <span class='ocrx_word' id='word_1_217' title='bbox 813 3021 901 3064; x_wconf 91' lang='lat' dir='ltr'><strong>orare</strong></span> <span class='ocrx_word' id='word_1_218' title='bbox 930 3022 989 3083; x_wconf 90' lang='lat' dir='ltr'><strong>pro</strong></span> <span class='ocrx_word' id='word_1_219' title='bbox 1016 3003 1157 3067; x_wconf 88' lang='lat' dir='ltr'><strong>sanctifi·</strong></span> 
     </span>
    </p>
   </div>
   <div class='ocr_carea' id='block_1_5' title="bbox 1265 2975 1269 3094">
    <p class='ocr_par' dir='ltr' id='par_1_5' title="bbox 1265 2975 1269 3094">
     <span class='ocr_line' id='line_1_32' title="bbox 1265 2975 1269 3094; baseline 0 0"><span class='ocrx_word' id='word_1_220' title='bbox 1265 2975 1269 3094; x_wconf 82' lang='lat' dir='ltr'><strong>l</strong></span> 
     </span>
    </p>
   </div>
   <div class='ocr_carea' id='block_1_6' title="bbox 215 3090 1269 3172">
    <p class='ocr_par' dir='ltr' id='par_1_6' title="bbox 215 3090 1269 3172">
     <span class='ocr_line' id='line_1_33' title="bbox 215 3090 1269 3172; baseline -0.001 -18"><span class='ocrx_word' id='word_1_221' title='bbox 215 3093 340 3155; x_wconf 90' lang='lat' dir='ltr'><strong>catione</strong></span> <span class='ocrx_word' id='word_1_222' title='bbox 362 3090 503 3153; x_wconf 88' lang='lat' dir='ltr'><strong>nominis</strong></span> <span class='ocrx_word' id='word_1_223' title='bbox 526 3091 587 3153; x_wconf 88' lang='lat' dir='ltr'><strong>dei.</strong></span> <span class='ocrx_word' id='word_1_224' title='bbox 634 3090 706 3154; x_wconf 81' lang='lat' dir='ltr'><strong>Etsi</strong></span> <span class='ocrx_word' id='word_1_225' title='bbox 728 3097 837 3154; x_wconf 90' lang='lat' dir='ltr'><strong>autem</strong></span> <span class='ocrx_word' id='word_1_226' title='bbox 858 3111 917 3172; x_wconf 87' lang='lat' dir='ltr'><strong>pro</strong></span> <span class='ocrx_word' id='word_1_227' title='bbox 940 3097 1024 3172; x_wconf 91' lang='lat' dir='ltr'><strong>pane</strong></span> <span class='ocrx_word' id='word_1_228' title='bbox 1051 3093 1157 3171; x_wconf 89' lang='lat' dir='ltr'><strong>quoti·</strong></span> <span class='ocrx_word' id='word_1_229' title='bbox 1267 3103 1269 3168; x_wconf 66' lang='grc' dir='ltr'><strong>ξ</strong></span> 
     </span>
    </p>
   </div>
   <div class='ocr_carea' id='block_1_7' title="bbox 216 3179 1159 3260">
    <p class='ocr_par' dir='ltr' id='par_1_7' title="bbox 216 3179 1159 3260">
     <span class='ocr_line' id='line_1_34' title="bbox 216 3179 1159 3260; baseline 0.004 -20"><span class='ocrx_word' id='word_1_230' title='bbox 216 3179 312 3241; x_wconf 90' lang='lat' dir='ltr'><strong>diano</strong></span> <span class='ocrx_word' id='word_1_231' title='bbox 336 3198 465 3258; x_wconf 91' lang='lat' dir='ltr'><strong>quoque</strong></span> <span class='ocrx_word' id='word_1_232' title='bbox 488 3179 647 3242; x_wconf 89' lang='lat' dir='ltr'><strong>orandum</strong></span> <span class='ocrx_word' id='word_1_233' title='bbox 670 3185 733 3256; x_wconf 85' lang='lat' dir='ltr'><strong>eet,</strong></span> <span class='ocrx_word' id='word_1_234' title='bbox 763 3185 872 3242; x_wconf 90' lang='lat' dir='ltr'><strong>tamen</strong></span> <span class='ocrx_word' id='word_1_235' title='bbox 896 3199 1022 3260; x_wconf 89' lang='lat' dir='ltr'><strong>semper</strong></span> <span class='ocrx_word' id='word_1_236' title='bbox 1047 3180 1159 3260; x_wconf 86' lang='lat' dir='ltr'><strong>potior</strong></span> 
     </span>
    </p>
   </div>
   <div class='ocr_carea' id='block_1_8' title="bbox 216 3266 1269 3346">
    <p class='ocr_par' dir='ltr' id='par_1_8' title="bbox 216 3266 1269 3346">
     <span class='ocr_line' id='line_1_35' title="bbox 216 3266 1269 3346; baseline 0.003 -18"><span class='ocrx_word' id='word_1_237' title='bbox 216 3266 357 3329; x_wconf 89' lang='lat' dir='ltr'><strong>nominis</strong></span> <span class='ocrx_word' id='word_1_238' title='bbox 372 3267 425 3329; x_wconf 90' lang='lat' dir='ltr'><strong>dei</strong></span> <span class='ocrx_word' id='word_1_239' title='bbox 440 3287 516 3330; x_wconf 90' lang='lat' dir='ltr'><strong>cura</strong></span> <span class='ocrx_word' id='word_1_240' title='bbox 537 3288 605 3332; x_wconf 89' lang='lat' dir='ltr'><strong>esse</strong></span> <span class='ocrx_word' id='word_1_241' title='bbox 621 3267 726 3344; x_wconf 90' lang='lat' dir='ltr'><strong>debet,</strong></span> <span class='ocrx_word' id='word_1_242' title='bbox 751 3267 929 3330; x_wconf 88' lang='lat' dir='ltr'><strong>secundum</strong></span> <span class='ocrx_word' id='word_1_243' title='bbox 948 3270 1156 3346; x_wconf 89' lang='lat' dir='ltr'><strong>sententiam,</strong></span> <span class='ocrx_word' id='word_1_244' title='bbox 1267 3287 1269 3342; x_wconf 63' lang='grc' dir='ltr'>ς</span> 
     </span>
    </p>
   </div>
   <div class='ocr_carea' id='block_1_9' title="bbox 1265 3185 1269 3286">
    <p class='ocr_par' dir='ltr' id='par_1_9' title="bbox 1265 3185 1269 3286">
     <span class='ocr_line' id='line_1_36' title="bbox 1265 3185 1269 3286; baseline 0 -6"><span class='ocrx_word' id='word_1_245' title='bbox 1265 3185 1269 3286; x_wconf 79' lang='lat' dir='ltr'><strong>t</strong></span> 
     </span>
    </p>
   </div>
   <div class='ocr_carea' id='block_1_10' title="bbox 216 3354 1269 3524">
    <p class='ocr_par' dir='ltr' id='par_1_10' title="bbox 216 3354 1269 3532">
     <span class='ocr_line' id='line_1_37' title="bbox 216 3354 1269 3437; baseline 0.008 -22"><span class='ocrx_word' id='word_1_246' title='bbox 216 3375 283 3416; x_wconf 93' lang='lat' dir='ltr'><strong>non</strong></span> <span class='ocrx_word' id='word_1_247' title='bbox 304 3355 339 3416; x_wconf 92' lang='lat' dir='ltr'><strong>in</strong></span> <span class='ocrx_word' id='word_1_248' title='bbox 362 3354 429 3419; x_wconf 90' lang='lat' dir='ltr'><strong>solo</strong></span> <span class='ocrx_word' id='word_1_249' title='bbox 452 3376 536 3437; x_wconf 90' lang='lat' dir='ltr'><strong>pane</strong></span> <span class='ocrx_word' id='word_1_250' title='bbox 558 3357 645 3421; x_wconf 82' lang='lat' dir='ltr'><strong>vivet</strong></span> <span class='ocrx_word' id='word_1_251' title='bbox 666 3357 778 3433; x_wconf 90' lang='lat' dir='ltr'><strong>homo,</strong></span> <span class='ocrx_word' id='word_1_252' title='bbox 808 3357 865 3419; x_wconf 89' lang='lat' dir='ltr'><strong>sed</strong></span> <span class='ocrx_word' id='word_1_253' title='bbox 887 3357 1035 3418; x_wconf 91' lang='lat' dir='ltr'><strong>inomni</strong></span> <span class='ocrx_word' id='word_1_254' title='bbox 1056 3359 1157 3422; x_wconf 81' lang='lat' dir='ltr'><strong>verbo</strong></span> <span class='ocrx_word' id='word_1_255' title='bbox 1267 3407 1269 3434; x_wconf 75' lang='lat'><strong>,</strong></span> 
     </span>
     <span class='ocr_line' id='line_1_38' title="bbox 217 3439 1157 3524; baseline 0.005 -19"><span class='ocrx_word' id='word_1_256' title='bbox 217 3443 304 3523; x_wconf 86' lang='lat' dir='ltr'><strong>quod</strong></span> <span class='ocrx_word' id='word_1_257' title='bbox 319 3444 479 3524; x_wconf 82' lang='lat' dir='ltr'><strong>egreditur</strong></span> <span class='ocrx_word' id='word_1_258' title='bbox 494 3446 534 3508; x_wconf 90' lang='lat' dir='ltr'><strong>de</strong></span> <span class='ocrx_word' id='word_1_259' title='bbox 550 3465 603 3507; x_wconf 91' lang='lat' dir='ltr'><strong>ore</strong></span> <span class='ocrx_word' id='word_1_260' title='bbox 618 3439 773 3508; x_wconf 80' lang='lat' dir='ltr'><strong>domini.⁵</strong></span> <span class='ocrx_word' id='word_1_261' title='bbox 818 3445 861 3507; x_wconf 80' lang='lat' dir='ltr'><strong>Et</strong></span> <span class='ocrx_word' id='word_1_262' title='bbox 874 3451 959 3508; x_wconf 89' lang='lat' dir='ltr'><strong>recte</strong></span> <span class='ocrx_word' id='word_1_263' title='bbox 975 3445 1157 3509; x_wconf 89' lang='lat' dir='ltr'><strong>secundum</strong></span> 
     </span>
    </p>
   </div>
   <div class='ocr_carea' id='block_1_11' title="bbox 216 3582 1157 3826">
    <p class='ocr_par' dir='ltr' id='par_1_11' title="bbox 216 3582 1157 3826">
     <span class='ocr_line' id='line_1_39' title="bbox 305 3582 1156 3688; baseline 0.004 -17"><span class='ocrx_word' id='word_1_264' title='bbox 305 3618 332 3686; x_wconf 89' lang='lat'><strong>1)</strong></span> <span class='ocrx_word' id='word_1_265' title='bbox 358 3619 434 3673; x_wconf 71' lang='lat' dir='ltr'><strong>ren:</strong></span> <span class='ocrx_word' id='word_1_266' title='bbox 465 3617 571 3672; x_wconf 74' lang='lat' dir='ltr'><strong>ream.</strong></span> <span class='ocrx_word' id='word_1_267' title='bbox 596 3582 642 3672; x_wconf 71' lang='lat' dir='ltr'><strong>aa</strong></span> <span class='ocrx_word' id='word_1_268' title='bbox 683 3619 711 3684; x_wconf 74' lang='lat' dir='ltr'><strong>a)</strong></span> <span class='ocrx_word' id='word_1_269' title='bbox 736 3617 929 3688; x_wconf 72' lang='lat' dir='ltr'><strong>Oppressum</strong></span> <span class='ocrx_word' id='word_1_270' title='bbox 953 3619 1081 3674; x_wconf 75' lang='lat' dir='ltr'><strong>nomina</strong></span> <span class='ocrx_word' id='word_1_271' title='bbox 1108 3621 1156 3674; x_wconf 75' lang='lat' dir='ltr'><strong>uei</strong></span> 
     </span>
     <span class='ocr_line' id='line_1_40' title="bbox 217 3689 1157 3756; baseline 0.003 -13"><span class='ocrx_word' id='word_1_272' title='bbox 217 3705 267 3743; x_wconf 90' lang='lat' dir='ltr'><strong>cur</strong></span> <span class='ocrx_word' id='word_1_273' title='bbox 293 3693 409 3756; x_wconf 83' lang='lat' dir='ltr'><strong>urgetur</strong></span> <span class='ocrx_word' id='word_1_274' title='bbox 435 3689 467 3743; x_wconf 92' lang='lat' dir='ltr'><strong>in</strong></span> <span class='ocrx_word' id='word_1_275' title='bbox 494 3689 631 3743; x_wconf 88' lang='lat' dir='ltr'><strong>oratione.</strong></span> <span class='ocrx_word' id='word_1_276' title='bbox 677 3689 705 3754; x_wconf 87' lang='lat'><strong>3)</strong></span> <span class='ocrx_word' id='word_1_277' title='bbox 734 3689 816 3744; x_wconf 86' lang='lat' dir='ltr'><strong>Finis</strong></span> <span class='ocrx_word' id='word_1_278' title='bbox 843 3690 1031 3745; x_wconf 85' lang='lat' dir='ltr'><strong>invocationis</strong></span> <span class='ocrx_word' id='word_1_279' title='bbox 1059 3706 1157 3746; x_wconf 57' lang='lat' dir='ltr'><strong>verus,</strong></span> 
     </span>
     <span class='ocr_line' id='line_1_41' title="bbox 216 3758 824 3826; baseline 0.003 -15"><span class='ocrx_word' id='word_1_280' title='bbox 216 3759 245 3826; x_wconf 86' lang='lat'><strong>4)</strong></span> <span class='ocrx_word' id='word_1_281' title='bbox 264 3761 337 3813; x_wconf 88' lang='lat' dir='ltr'><strong>Ien:</strong></span> <span class='ocrx_word' id='word_1_282' title='bbox 364 3761 445 3813; x_wconf 88' lang='lat' dir='ltr'><strong>Rom.</strong></span> <span class='ocrx_word' id='word_1_283' title='bbox 465 3759 490 3812; x_wconf 89' lang='lat'><strong>8.</strong></span> <span class='ocrx_word' id='word_1_284' title='bbox 528 3758 649 3826; x_wconf 78' lang='lat' dir='ltr'><strong>5)1en.:</strong></span> <span class='ocrx_word' id='word_1_285' title='bbox 678 3762 762 3815; x_wconf 91' lang='lat' dir='ltr'><strong>Deut.</strong></span> <span class='ocrx_word' id='word_1_286' title='bbox 783 3760 824 3814; x_wconf 87' lang='grc'><strong>18.</strong></span> 
     </span>
    </p>
   </div>
   <div class='ocr_carea' id='block_1_12' title="bbox 0 0 1297 4267">
    <p class='ocr_par' dir='ltr' id='par_1_12' title="bbox 0 0 1297 4267">
     <span class='ocr_line' id='line_1_42' title="bbox 0 0 1297 4267; baseline 0 0"><span class='ocrx_word' id='word_1_287' title='bbox 0 0 1297 4267; x_wconf 95' lang='lat' dir='ltr'><strong> </strong></span> 
     </span>
    </p>
   </div>
  </div>
 </body>
</html>
