2584 4267
244 264 313 329 '162
585 260 689 343 Caput
710 260 854 343 primum

248 442 355 516 ciunt,
387 447 443 505 aut
472 460 539 503 non
568 437 732 504 addeum
761 438 820 503 sed
846 438 889 501 ad
911 439 1023 505 illicita
1044 440 1208 512 remedia'

249 529 440 609 confugiunt
461 529 546 597 siout
567 528 654 593 aaut
699 526 777 593 Ideo
799 528 978 610 plerunque
1006 531 1042 592 in
1069 530 1185 593 mediis

248 619 343 681 malis
381 618 565 683 concidunt.
624 618 715 692 Quae
752 624 933 698 sequuntur
969 626 1045 683 sunt
1084 618 1185 683 forma
1212 625 1216 634 '

249 707 451 789 precationis.

360 849 433 911 Hei
471 848 600 929 qualis
638 846 735 911 dies.
792 848 1045 931 Propinquus
1082 850 1186 913 enim

294 943 351 1000 est
385 937 468 1001 dies
503 936 671 1013 domini,
710 943 748 999 et
785 937 900 1017 quasi
937 937 1105 1002 vastitas
1142 939 1184 1000 ab

294 1026 565 1108 omnipotente
587 1025 707 1091 venit.
746 1026 884 1089 Nonne
907 1046 1037 1090 coram
1060 1027 1185 1093 oculis

294 1116 448 1179 nostris
478 1134 635 1179 annona
666 1114 826 1178 succisa
852 1116 937 1178 est?
982 1116 1185 1179 Gaudium

293 1211 334 1268 et
356 1205 555 1275 exultatio
583 1204 631 1267 de
661 1203 774 1267 domo
797 1202 861 1266 dei
883 1203 1036 1267 nostri?
1083 1205 1184 1268 Com·

247 1302 250 1307 '
294 1294 453 1377 putruit
485 1293 679 1357 sementis
708 1292 783 1356 sub
813 1292 938 1373 glebis
968 1293 1063 1358 suis.
1118 1294 1183 1356 Va-

294 1387 400 1445 stata
423 1388 517 1445 sunt
537 1382 688 1445 horrea.
731 1380 869 1444 Diruta
891 1389 984 1445 sunt
1005 1382 1184 1465 granaria

295 1470 480 1549 quoniam
511 1469 757 1533 frumentum
787 1470 1008 1535 erubescit.
1063 1472 1184 1547 Quam

294 1558 529 1639 ingemiscit
550 1560 701 1641 pecus?
746 1561 939 1623 Armenta
960 1560 1077 1624 boum
1100 1579 1183 1623 con·

277 1646 389 1732 ‚fusa
426 1653 534 1724 sunt,
582 1648 766 1729 quoniam
808 1647 917 1712 nulla
962 1648 1185 1715 inveniunt

294 1756 450 1818 pascua.
519 1737 652 1801 Etiam
696 1736 829 1801 ovium
874 1757 1017 1819 greges
1063 1736 1182 1801 dissi·

294 1832 408 1907 patae
465 1831 565 1890 sunt.
645 1825 704 1888 Ad
749 1831 786 1889 te
835 1824 1182 1898 domine'olamo,

294 1914 491 1995 quoniam
521 1914 632 1995 ignis
668 1913 878 1979 devoravit
906 1936 1073 1979 amoena
1100 1917 1183 1978 loca

295 2002 448 2067 deserti
472 2009 511 2067 et
533 2004 701 2066 flamma
723 2003 950 2067 combussit
971 2005 1183 2069 universas
1211 2028 1216 2040 ·

294 2094 453 2180 arbores
482 2093 576 2173 agri.
623 2092 752 2155 Etiam
779 2112 920 2174 pecora
948 2094 1081 2176 campi
1105 2092 1181 2156 cla·

294 2187 404 2244 mant
431 2181 478 2244 ad
511 2188 564 2257 te,
600 2180 792 2262 quoniam
825 2190 1076 2246 exaruerunt
1110 2178 1183 2244 rivi

295 2288 502 2348 aquarum,
550 2276 587 2333 et
623 2270 730 2349 ignis
772 2269 989 2335 devoravit
1026 2282 1181 2335 amoena

293 2357 379 2421 loca
407 2356 570 2420 deserti.
1212 2361 1214 2368 '

345 2476 533 2545 ¹Dcotrinac
563 2500 620 2544 seu
647 2482 863 2547 exhortationi
891 2483 933 2546 ad
955 2482 1182 2565 poenitentiam

252 2570 383 2635 subiicit
404 2570 562 2652 propheta
583 2570 638 2635 hic
661 2572 838 2635 orationem
868 2578 900 2635 et
928 2572 1090 2655 prolixam
1112 2568 1182 2635 satis

253 2665 286 2723 et
314 2660 395 2722 mire
422 2659 599 2723 ardentem.
650 2660 737 2723 Utile
764 2666 875 2723 autem
901 2659 950 2725 est
976 2668 1085 2725 extare
1113 2657 1182 2723 talia

252 2749 435 2813 orationum
458 2748 606 2830 exempla
628 2748 664 2811 in
686 2749 853 2830 prophetis
876 2756 987 2813 contra
1005 2750 1181 2832 prophanas

253 2837 517 2919 imaginationes,
542 2857 623 2918 quas
645 2838 790 2919 imperiti
812 2856 974 2901 sacrarum
997 2858 1105 2903 rerum
1126 2831 1180 2899 sibi

251 2928 387 3007 fingunt.
424 2926 563 3001 Quidam
587 2926 676 2989 enim
698 2926 734 2989 in
757 2946 795 2990 eo
817 2946 920 2991 errore
943 2934 1028 3004 sunt,
1052 2933 1090 2991 ut
1111 2922 1181 2988 satis

253 3036 322 3081 esse
344 3021 470 3098 putent,
494 3015 523 3078 si
538 3014 578 3078 de
593 3014 831 3081 calamitatibus
846 3016 913 3079 suis
927 3016 1077 3096 cogitent.
1115 3014 1179 3077 ura·

252 3104 376 3171 tionem
398 3109 508 3166 autem
530 3123 587 3167 seu
602 3104 824 3167 recitationem
839 3112 997 3169 certorum
1018 3105 1180 3169 verborum

252 3198 371 3274 putant
399 3192 534 3257 otiosam
564 3199 597 3256 et
626 3212 908 3273 supervacaneam,
944 3193 1106 3275 siquidem
1133 3206 1181 3251 cor

252 3280 387 3362 inspicit
408 3281 488 3344 deus
510 3288 543 3346 et
564 3280 717 3361 intelligit
731 3281 941 3361 cogitationes
956 3288 1090 3346 nostras.
1124 3272 1179 3340 Sed

250 3370 331 3434 haec
354 3370 513 3434 sententia
535 3371 563 3433 si
585 3389 659 3434 vera
681 3375 739 3446 est,
763 3389 820 3437 cur
834 3370 904 3452 ipse
919 3371 1064 3435 Christus
1080 3363 1180 3433 docui*-

253 3458 431 3523 orationem
465 3458 687 3522 dominicam?
732 3458 804 3521 Our‘
829 3459 899 3541 ipse
933 3459 970 3523 in
999 3477 1099 3539 agone
1127 3472 1150 3516 st

252 3552 300 3610 ter
321 3547 438 3612 iisdem
460 3546 565 3612 verbis
580 3546 758 3611 orationem
773 3548 912 3629 repetit?
946 3547 1010 3611 Cur
1024 3549 1059 3609 in
1073 3544 1149 3609 ultin

341 3739 368 3807 1)
388 3740 431 3793 De
449 3738 576 3795 oratione
594 3739 692 3795 vocali.
