2584 4267
219 298 283 362 326
534 299 639 382 Caput
661 297 841 362 secundm
1170 5 1269 500 W

217 483 301 558 gunt
322 496 478 558 pauperes
501 496 632 559 prorsus
654 477 690 540 in
705 475 855 553 nihilum,
880 475 964 540 sicut
977 476 1083 558 pulvis
1101 483 1172 541 est.
1266 505 1269 550 v

223 562 387 629 ¹indicant
415 585 521 646 neque
550 566 675 648 pupillo
709 583 815 645 neque
848 564 966 643 vidula,
1001 565 1175 646 damnant
1264 555 1270 658 i

217 660 349 738 propter
371 660 539 735 magnates
568 655 664 717 etin
690 653 847 731 favorem,
879 673 977 737 snpra
1004 653 1039 718 in
1067 655 1173 732 anc,
1267 665 1270 736 ,ι

217 764 286 808 non
308 749 357 808 eet
370 744 487 808 veritas
502 743 538 806 in
552 748 646 820 terra,
669 749 708 807 ut
730 742 832 807 nostri
846 745 1017 826 principes.
1057 743 1172 808 tenui-

218 838 320 896 tatem
342 832 393 896 vel
416 832 577 914 egentiam
597 836 633 894 et
654 831 742 896 viam
764 832 958 898 afflictarum
984 831 1171 909 declinant,
1268 897 1270 900 .

219 927 379 1002 torquent,
402 925 597 1003 pervertrmt,
621 919 742 984 idest:
767 939 898 986 caueam
920 921 1086 1003 pauperiei
1108 920 1169 984 de

219 1016 356 1093 pravant
377 1008 447 1075 viae
469 1029 581 1074 eorum
603 1016 637 1072 et
659 1008 852 1090 detorquent
878 1009 921 1080 ad
950 1027 1046 1074 enum
1074 1028 1173 1074 com·

219 1099 364 1165 modum.
411 1099 558 1179 tyrannia
584 1104 617 1162 et
638 1097 772 1164 avaritia
799 1117 897 1185 supra
919 1097 1072 1176 modum,
1099 1099 1170 1164 lae·

220 1188 303 1253 civia
330 1205 428 1270 supra
453 1187 602 1263 modum,
637 1186 857 1268 impudenter
871 1191 1050 1254 scortantur
1078 1185 1173 1251 adeo
1269 1195 1271 1234 ἵ

219 1283 257 1340 ut
279 1278 451 1340 manifesto
472 1276 599 1339 incestu
617 1281 769 1357 ⁴atuprent
790 1283 882 1358 pater
904 1282 937 1339 et
951 1276 1036 1339 filine
1057 1296 1171 1339 unam
1269 1271 1271 1326 Ὗ

220 1366 373 1447 puellam,
402 1364 497 1427 facile
518 1365 581 1427 hoc
603 1364 667 1427 fuit
689 1363 725 1426 in
747 1371 843 1444 gente
864 1365 1006 1428 Iudaica.
1051 1365 1173 1446 Impia
1269 1355 1271 1364 ⁴

219 1454 287 1516 vita
307 1453 543 1535 blasphematio
569 1452 623 1514 dei
657 1458 714 1529 eet,
750 1472 847 1536 super
879 1473 939 1518 nos
972 1453 1172 1520 invocatum

221 1547 270 1604 eet
291 1561 412 1604 nomen
434 1541 497 1617 dei,
521 1541 592 1604 istie
615 1542 803 1606 nominibus
825 1542 1023 1608 celebramur
1045 1562 1103 1606 nos
1130 1547 1173 1606 et

220 1636 330 1731 tamen
353 1628 499 1693 diabolus
522 1635 635 1709 regnat
657 1631 693 1692 in
715 1631 810 1694 nobie
832 1637 892 1694 etc.
939 1631 982 1694 Et
1003 1637 1063 1694 etc.

483 1789 597 1854 vinum
618 1785 891 1867 mulctatcrium‚²

221 1895 262 1958 de
284 1896 407 1959 mulcta
429 1896 640 1973 damnatoria,
665 1897 774 1977 aliqua
788 1896 919 1974 mulcta,
944 1917 995 1961 co:
1013 1895 1171 1979 pendere

221 1984 364 2065 aliquam
385 2005 548 2048 summam
570 1985 689 2049 iniuste
715 2033 893 2063 ........
917 1985 953 2048 id
975 1991 1037 2049 est:
1060 1985 1172 2049 libere

221 2074 402 2154 tyrannieat
424 2094 491 2137 non
515 2075 619 2138 solum
648 2074 684 2135 in
711 2074 882 2156 populum,
914 2073 971 2138 aad
1000 2075 1098 2137 ctiam
1125 2074 1169 2138 in

221 2162 412 2226 sanctuaria.
459 2162 546 2243 quod
569 2183 636 2226 non
657 2161 775 2225 licebat
796 2163 832 2226 in
854 2163 986 2245 templo,
1009 2163 1172 2229 vivebant
1271 2165 1273 2208 ³

220 2250 512 2334 impudentissime,
536 2252 660 2314 nullam
682 2251 839 2316 habentes
853 2253 1012 2316 rationem
1028 2252 1170 2335 pudoris
1271 2261 1273 2324 ξ

221 2339 273 2402 vel
294 2339 419 2401 timoris
442 2339 505 2401 dei.
558 2345 563 2352 ’
1271 2349 1273 2354 ’

383 2533 387 2536 ,
627 2462 751 2542 vinum,
1272 2544 1273 2556 χ

221 2565 256 2633 id
283 2572 345 2630 est:
381 2565 490 2650 accipe
519 2569 658 2633 mulctae
685 2570 829 2651 iniquas,
864 2570 983 2651 quibua
1010 2571 1171 2634 emebant
1272 2581 1273 2640 3

221 2656 298 2720 vina
318 2657 406 2720 unde
427 2657 514 2722 laute
536 2658 695 2738 viverent,
718 2659 766 2721 ita
787 2678 829 2722 ex
849 2659 994 2723 vestibus
1016 2660 1171 2722 fecerunt
1271 2681 1273 2746 ς

220 2745 403 2828 pulvinaria
423 2751 462 2809 ut
490 2747 527 2810 in
548 2749 670 2830 templo
704 2747 757 2810 dei
791 2745 940 2812 sederent
971 2748 1008 2812 in
1041 2767 1170 2832 pompa
1272 2793 1273 2796 ,

221 2840 379 2916 tanquam
401 2835 527 2900 domini
554 2843 686 2919 propter
712 2835 852 2918 epitasin
881 2837 961 2902 haec
991 2836 1079 2900 dicit.
1124 2835 1169 2898 in
1271 2869 1273 2900 ι

220 2923 290 3004 lege
313 2929 489 3005 utrumque
511 2926 713 3007 prohibitum
735 2922 793 3001 eet,
818 2925 957 3007 simplex
978 2926 1075 2988 luxus
1101 2973 1133 2988 ..
1155 2973 1165 2988 .
1271 2975 1273 2986 Α

221 3011 263 3074 de
285 3012 419 3094 pignore
441 3014 477 3076 in
499 3012 770 3095 deu[teroamnio]:
794 3011 842 3076 illi
864 3034 931 3077 non
952 3015 1058 3078 colum
1077 3013 1170 3076 ultra

221 3107 350 3164 noctem
384 3101 441 3164 sed
475 3109 639 3185 perpetuo.
698 3106 869 3182 exaggerat
910 3109 943 3172 et
975 3102 1170 3183 magnificat

221 3194 354 3271 peccata
387 3210 498 3254 eorum
532 3212 574 3255 ex
607 3191 719 3274 epcliic
753 3211 934 3274 pauperum
967 3191 1007 3254 de
1041 3191 1170 3256 iniuste

222 3275 449 3340 damnatarum
478 3281 600 3345 mulcta
632 3281 747 3344 vinum
769 3279 941 3357 bibebant,
983 3279 1073 3362 ittet,
1108 3277 1168 3346 act
1271 3341 1273 3348 ,

221 3363 315 3444 butten
337 3364 446 3432 bittben.
492 3369 555 3432 Sed
577 3368 659 3450 quid
686 3374 735 3431 eet
763 3368 852 3449 quod
882 3369 962 3433 dicit
975 3367 1019 3431 ¹in
1038 3369 1160 3450 templs

222 3452 284 3530 dei,
308 3473 383 3516 cum
398 3477 465 3521 non
479 3458 515 3522 in
529 3459 637 3535 Israel,
659 3456 716 3520 scd
730 3458 766 3521 in
780 3457 863 3521 Iuda
878 3458 977 3521 fuerit
990 3457 1160 3539 templum,
1271 3453 1273 3534 ξ

220 3541 352 3605 laudare
374 3543 496 3610 debuit.
541 3547 646 3629 Impie
670 3551 781 3628 peccat
806 3546 946 3630 impium
969 3566 1031 3610 cor.
1078 3545 1160 3609 Nota
1271 3543 1273 3616 J

1270 3653 1273 3690 l

220 3693 435 3710 U——Q-

312 3772 339 3838 1)
358 3772 465 3843 Incipit
483 3773 530 3828 fol.
549 3771 592 3826 34.
602 3775 636 3828 A.
656 3773 750 3831 MSGi.
788 3773 816 3845 2)
835 3792 862 3831 v.
881 3775 907 3829 8.
