2584 4267
397 314 519 390 Johelis
542 313 727 395 prophetae.
969 315 1033 385 123

102 492 274 574 impletum.
307 490 384 561 ¹Non
399 490 442 555 ob
457 490 492 555 id
507 498 624 561 vocata
641 498 691 556 eet
704 491 908 558 Hierusalem
922 500 1035 557 sancta

103 580 185 661 quod
212 579 315 643 saneti
344 580 417 643 istie
446 574 584 651 fuerint¹
618 580 783 657 homines,
818 580 875 643 sed
904 588 1035 665 propter
1084 581 1086 584 .

102 676 244 735 sanemur
265 667 411 733 verbum·
424 667 486 745 dei,
510 668 669 750 quodibi
687 669 864 750 regnatur
881 665 1029 735 Christo*
1153 703 1157 709 ·

102 758 268 841 adsumpto
301 777 430 824 rursum
462 758 500 821 in
535 758 655 835 caelos,
690 758 826 824 verbum
853 758 936 825 illud
964 781 1033 847 pro·
1194 790 1203 817 ε

101 848 281 943 phanarunt
309 852 342 910 et
369 845 561 935 omieonrut,
591 844 688 911 desiit
716 867 791 935 ergo
819 847 876 915 illa
897 849 1033 915 motili-

102 930 206 1013 oatio.³
256 936 370 1017 itaque
405 936 538 1003 omnino
572 934 612 999 de
642 934 802 1025 spirituali
830 936 1034 1005 Hierusalem

86 1021 146 1091 'est
164 1018 442 1107 intelligendum‚4
468 1023 516 1103 dess
524 1024 657 1093 ecelesia
679 1024 798 1093 Christi
819 1044 878 1107 per
899 1026 1034 1097 verbum

101 1114 293 1185 sauotifioata
315 1120 348 1178 et
367 1112 536 1179 mundata.

72 1258 139 1336 ·Et
163 1238 231 1338 erit
249 1273 285 1336 in
308 1270 360 1336 die
382 1272 451 1351 illa,
483 1270 651 1337 stillabunt
680 1279 806 1350 montes
833 1273 1034 1355 mustumssi

181 1379 234 1443 Sic
258 1380 347 1445 enim
367 1386 419 1445 est
439 1378 476 1446 iu
498 1378 646 1467 hebraeo.
682 1378 782 1446 Vides
796 1379 914 1447 iterum
929 1400 1033 1446 meras

102 1486 164 1534 esse
187 1468 404 1551 metaphoras.
449 1466 498 1541 De
527 1466 585 1532 tali
613 1488 712 1551 regno
736 1467 854 1536 Christi
879 1468 1031 1549 loquitur,

102 1556 179 1637 quod
213 1555 346 1638 quando
380 1557 536 1644 eoeperit,
570 1550 709 1643 ubique⁶
746 1558 894 1625 futurum
927 1558 970 1622 sit
997 1558 1033 1629 in

101 1639 522 1717 1110ntibussuaeissimum6
554 1652 710 1722 mustum,
739 1645 775 1709 id
801 1652 858 1723 est,
882 1647 1032 1713 omnibus

102 1733 169 1799 looie
190 1734 429 1817 praedicabitur
450 1733 637 1799 dulcissima
665 1735 836 1818 promissio
865 1736 1031 1817 evangelii,

68 1875 74 1886 .
102 1841 174 1903 quae
196 1823 312 1925 didois·
326 1831 375 1888 est
396 1831 434 1888 ut
454 1829 543 1887 must
603 1872 609 1887 .

294 2048 297 2057 Α
330 1978 803 2059 ueoossesfluont·1aots,†††

104 2088 179 2168 quod
207 2089 298 2157 idem
329 2096 386 2165 est.
437 2083 580 2165 Quibus⁷
614 2089 760 2168 utrisque
789 2093 822 2156 et
850 2086 974 2152 robusti
1000 2093 1033 2151 et

103 2178 218 2257 parvuli
240 2178 436 2255 redduntur.
466 2176 730 2249 odoornmodsbit
758 2196 793 2241 ee
819 2176 862 2241 ad
884 2177 1032 2242 omnium

103 2265 238 2345 ingenia,
274 2267 359 2333 siout
392 2274 425 2337 et
456 2267 506 2335 lae
535 2268 770 2357 interpretetus,
793 2272 842 2330 est
868 2265 1031 2347 apostohu

103 2352 295 2436 Pardus'sffi
331 2359 359 2419 1.
385 2356 526 2427 Corinth.
551 2352 602 2425 3.*
657 2353 800 2423 Duloedo
834 2375 910 2436 ergo
943 2354 1032 2427 verbi

69 2453 74 2462 '
104 2446 145 2507 est
164 2446 353 2527 signifieata.
765 2461 785 2483 ⁵

189 2670 194 2678 ἱ
276 2607 279 2611 ’
329 2588 373 2651 lit
394 2606 453 2671 per
474 2606 587 2653 omnes
610 2587 694 2651 rivos
718 2580 797 2650 etu⁸

180 2692 426 2759 Abundantium
449 2694 549 2765 *verbi
586 2694 653 2759 sive
691 2712 821 2758 cursum
854 2693 944 2758 verbi
978 2689 1032 2758 dei

106 2778 260 2861 signifieat.
356 2804 362 2817 ¹

182 2906 210 3007 ⁶)
227 2937 332 3006 incipit
348 2954 378 3007 p.
395 2937 520 2993 xxxv.
539 2936 634 2993 usur.

183 3079 215 3148 1)’
228 3081 297 3135 sint.
334 3079 363 3148 2)
383 3080 469 3135 enim.
505 3080 534 3149 3)
553 3080 692 3135 Additur:
710 3074 746 3135 et'
758 3078 913 3147 corporalis
931 3078 1031 3131 Hieru-

108 3148 185 3203 alem
197 3152 344 3207 destmeta
356 3155 409 3207 est.
436 3150 464 3219 4)
483 3151 578 3221 idest,
598 3151 642 3205 de.
673 3150 702 3219 5)
720 3150 828 3218 ubique
840 3150 873 3203 in
884 3148 1031 3205 montibus

108 3222 224 3276 manabit
250 3223 457 3279 suavissimum
483 3238 546 3290 sqq.
598 3222 626 3289 6)
652 3220 751 3275 Mser.
779 3236 892 3289 semper
919 3218 1031 3275 scribit:

109 3292 305 3347 suasissimum.
352 3293 499 3361 7)deest:
528 3292 640 3358 Quibus
664 3322 707 3332 ...
721 3297 758 3347 et.
806 3293 935 3359 Legitur:
962 3292 1033 3346 Ideo

109 3364 193 3415 antem
214 3364 284 3419 feeit
308 3364 438 3419 diversas
461 3364 572 3431 speeies
594 3368 628 3419 ut
650 3364 794 3430 signifioet
809 3363 930 3418 verbum
954 3362 1033 3417 idem

184 3450 241 3501 quo
263 3439 294 3489 et
315 3434 428 3493 robusti
449 3438 479 3489 et
501 3435 614 3501 parvuli
639 3436 813 3503 reficiunarr,
838 3433 913 3488 siout
934 3437 965 3487 et
988 3434 1032 3488 lac

164 3509 301 3571 rpretetus
319 3510 365 3561 est
382 3506 538 3575 Apostolus
556 3521 630 3575 sqq.v
655 3506 684 3573 8)
703 3506 799 3561 deest:
817 3508 870 3559 eto.
959 3557 962 3561 .

185 3645 213 3715 †)
236 3647 317 3702 Haeo
342 3645 378 3701 de
402 3646 586 3701 Hierusalem
613 3646 740 3700 habente
766 3644 901 3713 verbum,
929 3644 961 3697 id
987 3648 1032 3698 eat

168 3717 222 3842 rinZ
301 3718 313 3785 )
337 3718 477 3857 JIstdulstugr.
512 3717 707 3840 §euangelium
734 3716 785 3771 ubi
811 3713 1031 3783 praedicabitur.

222 3805 245 3843 o.
404 3829 410 3843 .
455 3803 493 3842 or.
532 3829 537 3839 .
