2584 4267
235 243 300 306 448
554 239 677 320 10111111
699 244 830 302 sextum

234 419 361 492 dinem;
392 437 460 480 non
486 414 656 479 subvenire
684 415 807 495 egenis,
843 435 911 479 non
944 435 1015 480 esse
1048 416 1182 480 fidelem

234 509 491 590 dispensatorem
513 523 639 580 1ο111111,
671 523 766 589 quae¹
783 523 841 585 per
868 504 968 579 deum
990 504 1068 568 data
1090 513 1179 570 sunt.

234 596 325 659 Sicut
357 596 442 658 hano
475 593 677 675 impietatem
710 593 765 654 hic
798 592 948 682 damnat,
988 593 1078 674 quod
1112 615 1181 658 non
1267 661 1272 669 ,

235 685 462 765 angustiantur
490 701 587 764 super
609 680 826 764 confractione
848 681 967 763 Ioseph
978 681 1008 761 ,1
1029 683 1092 746 hoo
1114 688 1179 747 est:

235 793 332 854 super
354 769 550 854 pauperibus
574 776 606 833 et
629 769 759 833 afflictis
781 771 817 831 in
839 789 939 851 regno
952 771 1086 848 Israhel,
1110 792 1179 834 non

234 853 436 924 iudicarunt1
469 860 596 942 iustum·
623 858 797 935 iudicium,
834 859 893 922 sed
925 855 1175 942 oppresserunt²

235 955 269 1014 et
291 949 478 1012 afflixerunt
499 967 658 1030 pauperes
686 947 723 1009 in
751 953 858 1029 porta,
889 953 927 1010 ut
955 968 1055 1030 supra
1084 948 1179 1013 dixit.

235 1039 287 1102 Ita
309 1058 366 1120 per
390 1036 500 1100 omnia
522 1037 623 1099 nostri
645 1035 744 1098 hodie
766 1033 948 1118 principes*
976 1036 1091 1100 eadem
1121 1038 1181 1100 im·

235 1127 356 1209 pietate
389 1126 552 1202 laborant,
588 1144 657 1188 non
690 1130 740 1188 est
767 1125 843 1187 finis
872 1124 1053 1188 omnimodi
1080 1126 1182 1189 luxus
1276 1133 1277 1138 ’

236 1235 358 1292 eorum,
382 1214 533 1278 omnibus
548 1213 713 1277 abundare
727 1214 850 1290 volunt,
873 1213 1005 1276 interim
1020 1234 1183 1296 pauperes

236 1303 397 1384 algenti-t
425 1303 585 1378 esuriunt,
615 1321 705 1364 mera
732 1303 854 1383 ubique
889 1303 978 1365 fraus
1012 1308 1077 1379 est,
1113 1323 1184 1366 non

235 1391 374 1460 audiunt
402 1411 476 1454 suos
505 1391 667 1466 subditos,
699 1391 800 1453 immo
829 1391 1098 1467 intollerabilibus
1126 1393 1181 1455 tri·

118 1505 120 1508 ·
235 1480 323 1544 butis
358 1485 510 1562 premunt
544 1485 576 1542 et
609 1479 806 1542 exhauriunt
843 1479 1001 1560 quicquid
1037 1500 1183 1560 usquam

234 1570 366 1645 habent,
390 1567 424 1630 id
448 1566 536 1649 quod
559 1567 671 1631 multis
685 1568 792 1632 verbis
807 1589 873 1631 non
888 1568 1021 1649 indiget,
1046 1568 1182 1651 quando
1214 1623 1220 1626 .

236 1678 285 1721 res
309 1677 366 1739 per
389 1677 422 1756 se
445 1650 719 1739 1111111111111111.8

458 1799 498 1861 In
521 1799 626 1880 capite
649 1797 959 1889 transmigrantium,
1062 1874 1067 1877 ῃ

235 1905 271 1970 id
294 1911 357 1969 est:
380 1905 478 1986 primi
501 1912 596 1968 erunt
617 1905 653 1968 in
675 1926 794 1987 poena,
824 1906 938 1986 quiin
961 1906 1057 1988 culpa
1081 1906 1185 1970 etiam
1276 1931 1277 1934 ¹

236 2000 314 2058 sunt
335 1995 483 2077 potiores.
816 2000 818 2005 “

589 2083 632 2146 Et
655 2083 826 2158 auferetur,

236 2167 290 2234 id4
317 2179 379 2236 est:
404 2171 550 2274 cessabit.

479 2313 670 2376 Convivium
692 2332 932 2394 pomposorum.

327 2417 379 2480 Sic
401 2424 485 2481 reete
507 2418 635 2498 legitur.»

327 2574 353 2644 ⁸)
372 2549 520 2643 principes
539 2575 631 2629 nostri
650 2577 777 2643 pessimo
794 2577 857 2631 loco
875 2561 952 2630 sunt.

329 2718 355 2784 1)
374 2717 511 2772 iudicant.
541 2715 570 2784 2)
588 2717 757 2786 opprimunt
774 2721 805 2771 et
822 2717 971 2784 adfligunt.
1001 2716 1030 2785 3)
1042 2717 1186 2772 Additur:

239 2790 347 2845 Essent
364 2793 462 2844 autem
479 2789 552 2842 haec
570 2789 669 2843 omnia
686 2789 781 2843 adhuc
804 2789 935 2858 ferenda,
959 2789 986 2842 si
1009 2789 1096 2844 modo
1122 2805 1189 2842 non

238 2861 280 2914 ita
298 2861 404 2915 misere
423 2859 559 2927 dissipari
577 2859 713 2914 eeclesias
738 2859 881 2928 sinerent,
907 2859 978 2914 dum
990 2875 1097 2928 neque
1124 2861 1190 2927 ipsi

204 2959 205 2962 ¹
237 2929 350 3002 docent,
370 2945 424 2985 nec
443 2931 493 2998 qui
512 2931 633 2985 doceant
651 2931 740 2984 alunt.
768 2931 844 2984 Nem
855 2930 967 2984 reditus
979 2945 1052 2999 quos
1069 2929 1190 2984 habent

238 3003 357 3068 collegia
369 3002 550 3056 sacerdotum
561 3001 669 3069 quibus
681 3007 827 3071 praesunt,
846 3001 938 3071 fundi,
956 3016 1046 3070 arces,
1062 3001 1189 3071 oppida,

238 3073 270 3126 in
289 3073 367 3126 hunc
385 3088 471 3127 usum
489 3073 633 3128 iuvandae
651 3072 801 3142 ecclesiae,
827 3089 845 3125 a
862 3072 920 3140 piis
938 3072 1107 3126 hominibus
1125 3072 1190 3140 pri-

238 3159 319 3196 mum
342 3145 384 3198 eis
410 3144 518 3197 donata
543 3145 677 3208 sunt.†††
726 3143 782 3196 Sed
811 3143 923 3197 dabunt
953 3143 1098 3197 rationem
1121 3143 1190 3212 isti,

238 3215 289 3280 qui
307 3214 417 3268 habent
434 3215 553 3268 titulum
570 3215 602 3266 in
620 3215 745 3283 psalmo,
771 3215 850 3282 quod
873 3213 1017 3281 percutiat
1034 3215 1067 3267 in
1083 3213 1193 3268 furore

239 3299 292 3338 suo
309 3299 398 3351 reges.
435 3284 697 3351 Psalm.110.††††
733 3284 762 3352 4)
782 3285 982 3339 1111111111-
1002 3283 1136 3340 cessabit.

328 3413 449 3490 1111111
477 3427 568 3495 Super
595 3426 789 3486 confractione
817 3426 937 3494 Ioseph„
975 3427 1084 3482 Vuitta
1109 3424 1142 3480 (a

228 3498 339 3552 tractio
357 3498 472 3565 Ioseph.
500 3497 548 3565 ††)
567 3499 642 3552 Ien:
662 3498 831 3566 Principum
847 3502 1013 3553 nostrorum
1030 3497 1112 3566 vitia,
1132 3514 1142 3552 1

237 3568 388 3624 toleranda
418 3569 444 3622 si
480 3585 540 3622 non
575 3569 713 3623 ecelesias
748 3574 810 3624 tam
839 3570 962 3639 turpiter
992 3587 1014 3626 n
1048 3568 1146 3636 ligere·

237 3641 344 3694 Vuitt.:
370 3639 470 3694 Luxus
495 3639 662 3712 principum
680 3641 784 3695 horum
806 3645 998 3710 temporum„
1070 3640 1138 3706 )Β1

237 3709 437 3765 ecelesiastica.
477 3709 685 3779 1111)Ρ111111
706 3711 766 3765 110.
791 3768 812 3787 ,¹
