2584 4267
418 298 516 363 Joelis
538 299 724 382 prophetae.
976 293 1041 364 298
1108 281 1109 286 ἵ
1171 284 1257 405 st

107 499 168 542 non
199 475 359 540 credebat.
417 474 480 538 Sed
514 476 594 540 fides
627 478 664 539 in
699 473 862 541 Christum
897 472 1043 540 simulari
1071 429 1074 432 -
1188 423 1228 560 κῑ

107 587 167 630 non
193 559 329 647 potest²
379 563 524 628 Christus
551 564 649 646 igitur
677 565 730 629 via
759 571 821 641 est,
853 584 912 646 per
941 581 1042 644 quam
1123 627 1126 634 .

108 655 192 736 impii
219 673 289 717 non
321 652 555 733 ingrediuntur,
591 661 624 717 et
658 673 741 734 quae
775 654 844 718 sols
872 655 1043 720 constituit

108 749 245 807 sanctam
267 742 444 806 eeclesiam.
1017 781 1018 786 κ

209 886 259 949 Et
281 884 362 948 erit
383 883 423 947 in
445 883 510 946 die
533 878 622 960 illa,
647 883 873 948 stillabunt
888 877 1042 949 montes

146 980 327 1050 mustum,
363 979 402 1036 et
430 973 557 1036 colles
587 971 725 1036 fluent
758 972 882 1050 laete,
919 980 1040 1056 atque

146 1083 281 1126 omnes
319 1061 399 1125 rivi
435 1060 535 1124 Iuda
571 1061 798 1125 manabunt
835 1060 965 1143 aquis,
1005 1069 1042 1126 et

146 1151 233 1215 fons
272 1150 474 1214 dedomo
513 1148 955 1230 dominissegredietum
1002 1158 1042 1215 et

146 1239 339 1320 irrigabit
360 1239 509 1303 vallem
531 1238 681 1302 Sittim.

192 1357 300 1443 2ῌειθο
323 1363 493 1443 allegorica
516 1367 601 1441 sunt,
627 1368 754 1425 montes
777 1363 865 1426 enim
887 1362 1041 1426 foecundi

107 1459 136 1514 et
154 1452 271 1516 vitiferi
296 1452 450 1516 dicuntur
478 1451 598 1515 stillsre
626 1457 786 1528 mustum,
818 1459 851 1517 et
879 1453 975 1515 eolles
1005 1453 1041 1515 in

110 1540 218 1620 quibus
251 1548 329 1606 sunt
360 1543 447 1604 laeta
478 1559 600 1623 pasena
632 1539 785 1604 dieuntm
817 1541 898 1606 laete
930 1541 1038 1617 fluere,

110 1631 179 1709 quia
205 1650 304 1711 pecus
334 1630 468 1712 pulchre
497 1629 672 1709 saginatur,
708 1634 741 1692 et
774 1631 915 1692 multum
948 1630 1040 1692 laetis

109 1718 212 1798 gignit.
259 1718 416 1783 Convenit
446 1724 521 1782 ante
554 1723 718 1796 utrunque
752 1719 917 1798 evangelio
951 1718 1040 1797 quod

108 1814 183 1871 recte
211 1813 247 1871 et
271 1815 379 1871 musto
402 1814 436 1871 et
456 1807 533 1871 laeti
555 1812 768 1887 comparatur.
815 1807 939 1868 Vinum
968 1826 1039 1870 eon-

108 1895 206 1961 firmst
228 1917 282 1960 eor
303 1897 464 1973 hominis,
488 1895 596 1976 inquit
618 1887 812 1975 seriptura‚³
839 1901 872 1958 et
893 1901 1040 1958 mustum
1149 1927 1151 1932 .

108 1986 255 2050 suavitate
278 1984 432 2062 delectat,
463 1985 510 2048 sio
531 1984 667 2049 verbum
696 1991 728 2046 et
750 1983 807 2047 alit
829 1983 928 2046 fidem
950 1989 983 2047 et
1004 1984 1041 2046 in

107 2092 190 2138 eruce
224 2075 367 2155 suggerit
399 2074 545 2137 effioaoes
579 2071 822 2136 consolationes.
869 2071 1040 2136 Diversum

109 2161 155 2224 lex
175 2163 269 2240 facin·
296 2163 374 2244 quia
401 2162 490 2226 enim
517 2167 647 2226 moueat
675 2167 708 2224 et
729 2160 870 2224 intenta
891 2166 1038 2237 mortem,
1160 2197 1162 2200 -

109 2255 195 2316 terret
216 2259 249 2316 et
261 2251 393 2332 'frangit
407 2251 542 2314 animos.
576 2251 655 2314 Non
670 2249 776 2314 solnm
791 2255 901 2312 autem
914 2255 1040 2331 pugnat

109 2357 176 2402 oum
196 2341 259 2404 fide
274 2342 372 2404 timor
386 2358 485 2421 quem
498 2340 552 2402 lex
566 2337 695 2415 excitat,
720 2339 777 2402 sed
795 2337 894 2410 fidem
909 2357 1038 2420 prorsus

109 2429 232 2494 excutit
275 2429 475 2510 Euangeliou
498 2433 606 2491 autem
628 2434 783 2492 terrorem
804 2428 893 2490 huno
923 2427 1042 2504 aufert„

110 2535 176 2579 enm
203 2518 345 2582 ostendit
373 2517 584 2582 mediatorem
614 2523 647 2580 et
668 2516 917 2580 intercessorem
933 2516 1038 2580 filium

110 2603 156 2667 dei
181 2613 213 2671 et
241 2607 368 2671 animos
396 2606 512 2688 implet
540 2610 628 2669 certa
656 2605 775 2668 fiducia
802 2603 1039 2668 misericordiae

111 2691 165 2770 dei,
186 2696 265 2760 haee
286 2702 400 2777 postea
421 2695 605 2758 consolatur
627 2693 753 2756 animos
775 2693 811 2754 in
833 2713 936 2769 eruce,
960 2689 1046 2757 faoit'

110 2779 275 2865 intrepidos
316 2791 349 2848 et
392 2783 617 2864 magnanimos
661 2781 698 2844 in
742 2781 908 2863 perieulis,
955 2781 1039 2846 siout

111 2872 500 3036 exemPtllauriii)osiriotieiiiuilie
511 2871 707 3039 Orsiiiidausris
724 2957 932 3022 manantibus
948 2957 1036 3034 dioit,

111 3048 236 3126 pertinet
266 3050 437 3132 praecipue
460 3048 503 3112 ad
525 3067 710 3112 successum
735 3047 902 3127 evangelii.
949 3047 1046 3110 Sicut,

111 3136 188 3200 enim
215 3138 306 3202 arida
332 3139 403 3202 loca
430 3137 626 3201 infoecunda
655 3142 747 3200 sunt:
778 3136 829 3200 lta
858 3135 916 3198 ubi
943 3155 1038 3216 aqua-

112 3241 174 3287 rum
201 3228 293 3309 eopia
323 3233 373 3292 est
401 3227 511 3291 omnia
540 3225 646 3291 virent
679 3231 713 3288 et
744 3225 870 3288 florent.
920 3217 1039 3288 ⁵Docet

111 3309 198 3390 igitur
232 3317 321 3397 qu'od
358 3316 543 3396 ubieunque
581 3314 771 3394 evangelion
808 3313 952 3391 sonabit,
990 3313 1039 3376 ibi

166 3403 274 3468 nimos
297 3404 421 3469 fructus
444 3410 617 3468 secuturos.
651 3403 763 3466 ¹Habet
778 3403 865 3466 enim
888 3402 1039 3467 additum

176 3551 310 3564 -——

191 3629 216 3697 1)
233 3617 305 3686 Ion:
324 3632 407 3686 Rom.
427 3631 470 3685 17,
507 3630 536 3699 2)
555 3630 747 3698 Evangelium
769 3632 949 3696 comparatur
966 3627 1035 3681 rino
1053 3587 1064 3594 *-

172 3702 248 3756 msto.
283 3702 407 3771 3)Ien.:
426 3703 502 3757 Psal.
515 3699 583 3756 ³103.
620 3700 649 3769 4)
670 3702 757 3758 Riui.v
781 3701 809 3767 5)
829 3700 912 3753 Dona
929 3695 1036 3765 quibus

176 3770 248 3826 siam
264 3778 346 3829 ornat
364 3773 444 3828 deus.
531 3836 533 3840 ¹
578 3816 586 3825 ,s
641 3818 644 3820 .
826 3789 828 3798 s
905 3779 909 3786 ·
