2584 4267
498 306 570 366 *31
586 306 622 366 Ξ
1170 302 1380 382 Caput
1423 301 1685 363 tertium

494 482 714 554 utitur,
766 486 831 543 et
874 484 1171 560 precatur
1205 483 1281 541 ut
1311 476 1602 540 doctrina
1633 496 1752 539 sua
1781 477 1980 541 stillet
2010 497 2127 541 ceu
2156 480 2396 561 pluvia

494 578 558 630 et
602 570 762 632 fluat
803 574 881 632 ut
923 587 1027 631 ros
1073 566 1274 630 oratio
1287 616 1302 643 ,
1357 571 1434 629 ut
1474 566 1683 629 imber
1737 585 1930 648 super
1982 568 2254 631 herbam
2319 575 2393 632 et

494 666 710 738 guttae
785 677 978 738 super
1044 675 1336 736 gramen,
1416 654 1698 719 deutero.
1771 650 1915 717 32.ι
2039 655 2165 719 Sed
2243 657 2389 721 sive

494 746 787 822 Iudaeus,
836 747 970 809 sive
1018 745 1181 807 alius
1226 743 1552 824 quispiam
1583 763 1671 820 eS‚
1721 744 1836 823 qui
1878 744 2041 807 haec
2072 745 2127 807 si
2159 751 2386 809 tecum

494 838 732 914 cogitas
746 885 759 911 ,
830 854 945 896 cur
1011 852 1145 896 non
1197 833 1501 896 revereris
1562 831 1852 895 divinam
1919 833 2332 898 maiestatem
2349 837 2388 896 ξ)

494 926 618 986 Cur
666 928 921 986 tantum
978 928 1128 985 tuae
1174 921 1527 1003 sapientiae
1572 920 1802 984 tribuis
1817 922 1851 982 P
1917 923 2024 984 A‘n
2070 943 2206 985 non
2250 925 2387 987 hoc

494 1014 610 1074 tihi
658 1012 810 1076 satis
865 1016 989 1088 est,
1053 1010 1376 1091 siquidem
1433 1015 1582 1091 post
1625 1009 1853 1073 Mosen
1910 1019 1976 1075 et
2021 1012 2386 1093 prophetas

494 1102 792 1163 :lominus
836 1100 962 1164 hoc
998 1099 1070 1162 in
1103 1100 1245 1162 loco
1276 1098 1598 1180 promittit
1627 1098 1970 1175 doctorem,
2017 1105 2096 1162 ut
2125 1106 2387 1163 statuas

490 1190 666 1250 hunt}
714 1189 1038 1253 doctorem
1095 1188 1284 1268 longe
1329 1187 1497 1250 Mosi
1555 1194 1622 1250 et
1676 1187 1979 1251 omnibus
2036 1189 2383 1270 prophetis

494 1278 982 1342 anteferendum
1000 1279 1032 1339 1³
1091 1297 1167 1340 ac
1196 1275 1553 1339 necessario
1585 1276 1931 1339 allaturum
1963 1277 2139 1340 aliud
2173 1278 2379 1358 quod·

490 1366 639 1430 dum
702 1365 1026 1430 doctrinae
1094 1384 1297 1445 genus
1356 1384 1554 1445 quam
1608 1364 1834 1429 Mosen
1847 1415 1860 1441 ,
1921 1365 2120 1446 idque
2178 1367 2381 1447 longe

490 1478 566 1514 nx
574 1458 722 1518 ΠΕΠΕ
730 1456 920 1517 ntius.
1665 1482 1674 1492 ‘

666 1543 791 1606 Sed
826 1544 934 1605 hic
962 1543 1033 1606 in
1064 1549 1354 1606 mentem
1383 1543 1504 1606 tibi
1533 1543 1728 1625 venit,
1777 1542 1953 1623 quod
1982 1543 2093 1606 isti
2123 1543 2378 1607 scribae

490 1633 662 1714 apud
686 1634 943 1708 Lucam,
978 1631 1269 1695 audienti
1299 1630 1712 1712 magnificam
1734 1630 2376 1695 commendationem

490 1721 825 1802 evangelii,
891 1720 1069 1801 quod
1113 1721 1282 1783 oculi
1327 1727 1393 1784 et
1437 1739 1621 1783 aures
1667 1720 1926 1782 illorum
1981 1720 2157 1783 beati
2214 1722 2373 1798 sint,

486 1810 598 1890 qui
658 1810 919 1874 ‘rideant
977 1816 1044 1873 et
1101 1808 1370 1873 audiant
1437 1828 1603 1889 quae
1672 1807 1944 1891 apostoli
2011 1809 2238 1873 vident
2310 1817 2380 1872 et

490 1893 819 1962 audiunt)
907 1898 1024 1962 Sic
1068 1899 1243 1961 enim
1287 1898 1448 1960 haec
1493 1917 1575 1959 ex
1613 1896 1868 1961 Christo
1899 1896 2171 1962 audiens
2203 1899 2373 1978 cogi·

486 1990 666 2050 tsi-bat
710 1988 872 2050 nihil
916 2006 1105 2069 posse
1150 1985 1580 2069 praestantius
1625 1985 1871 2063 doceri,
1934 2005 2134 2067 quam
2190 1988 2376 2067 quod

486 2078 698 2138 Moses
744 2070 1121 2141 docuisset.³
1221 2075 1394 2149 Quid
1439 2075 1614 2137 enim
1671 2075 1932 2151 meliuS‚
1995 2075 2377 2157 perfectius,

486 2166 770 2230 sanetius
815 2172 1027 2247 potest
1069 2164 1384 2247 praecipi,
1447 2184 1646 2244 quam
1706 2162 2109 2243 dssigendum
2167 2162 2374 2226 deum

486 2274 566 2314 ex
610 2262 746 2318 toto
792 2254 998 2331 corde,
1047 2260 1113 2317 et
1147 2254 1522 2334 proximum
1552 2253 1719 2315 sicut
1747 2251 2030 2333 teipsum
2044 2253 2077 2312 ‘1’
2144 2251 2376 2316 Habet

486 2350 702 2402 autem
747 2341 959 2404 Moses
1017 2333 1437 2408 manifestum
1493 2341 1968 2417 testimonium,
2030 2339 2212 2421 quod
2242 2361 2373 2404 >ac-

486 2430 722 2510 ceperit
768 2429 1127 2492 doctrinam
1173 2449 1361 2492 suam
1406 2429 1488 2492 ab
1541 2430 1684 2512 ipso
1740 2429 1881 2494 deo.
1975 2428 2103 2492 Cur
2164 2429 2376 2510 igitur

482 2518 590 2578 hie
662 2516 1056 2598 promittitur
1111 2518 1274 2603 alius
1331 2517 1599 2583 doctor?
1679 2518 1854 2581 Num
1919 2518 2082 2581 haec
2139 2526 2379 2583 sancta

486 2614 550 2670 et
594 2606 857 2670 eoefitus
901 2611 1158 2671 ostensa
1202 2607 1495 2670 doctrina
1537 2607 1736 2670 Mosis
1792 2606 2162 2688 abroganda
2218 2610 2374 2672 est?

486 2706 598 2758 aut
642 2698 859 2760 doctor
901 2696 1009 2759 ifle
1055 2696 1303 2778 aliquid
1348 2695 1763 2760 excellentius
1809 2696 2036 2759 docere
2075 2697 2322 2779 poterit
2337 2698 2373 2758 5>

482 2786 614 2846 His·
662 2785 1014 2850 rationibus
1074 2786 1283 2850 scriba
1337 2785 1512 2868 apud
1556 2786 1799 2848 Lucam
1858 2804 1926 2848 se
1948 2848 1960 2855 ,
1983 2784 2239 2848 vincere
2302 2792 2372 2849 et

486 2874 808 2938 Christum
853 2875 936 2938 ad
981 2874 1380 2958 palinodiam
1423 2873 1627 2953 redigi
1669 2892 1860 2956 posse
1906 2879 2140 2955 sperat.
2237 2873 2370 2938 Sed

482 2966 650 3026 sicut
694 2965 983 3028 Christus
1028 2984 1179 3027 eum
1223 2962 1518 3046 reprimit
1560 2962 1684 3024 hoc
1727 2981 1861 3026 uno
1904 2962 2099 3026 verbo
2116 3011 2131 3040 ‚
2180 2963 2366 3043 quod

482 3054 666 3114 dicit:
760 3055 888 3116 Fac
932 3053 1057 3116 hoc
1102 3058 1167 3116 et
1209 3046 1446 3116 vives*
1541 3051 1644 3114 Ita
1686 3049 1821 3115 Ioel
1864 3051 2183 3132 propheta
2227 3071 2370 3116 uno

482 3142 674 3202 verbo
731 3142 851 3203 has
911 3141 1327 3222 cogitationes
1385 3140 1660 3221 iugulat,
1732 3139 1907 3221 quod
1965 3139 2154 3217 dicit,
2226 3160 2367 3203 non

482 3230 690 3294 sulum
757 3229 1060 3298 daturum
1126 3229 1326 3292 deum
1385 3228 1711 3293 doctorem
1769 3248 1885 3291 seu
1952 3229 2363 3309 magistrum,

482 3318 594 3378 sed
630 3317 810 3381 addit
838 3317 920 3381 ad
949 3319 1284 3395 iustitiam,
1317 3319 1444 3382 hoc
1469 3323 1573 3384 est
1600 3317 1715 3399 qui
1743 3318 1937 3381 verbo
1969 3322 2035 3380 et
2063 3316 2369 3380 doctrina

482 3426 598 3470 suu
646 3426 839 3486 quam
885 3408 1130 3484 afferet,
1190 3407 1489 3470 homines
1536 3427 1575 3470 a
1617 3406 1896 3488 peccatis
1938 3403 2243 3470 liberabit
2296 3425 2333 3468 e

658 3634 714 3700 1]
750 3634 901 3689 Ien.:
951 3634 1120 3689 Deut.
1145 3633 1231 3687 32.
1302 3633 1360 3703 2)
1398 3636 1550 3688 Ien.:
1603 3635 1736 3688 Luc.
1765 3632 1848 3686 10.
1910 3632 1968 3703 3)
2006 3633 2131 3687 Lex
2156 3617 2324 3687 sanct

478 3710 538 3758 et
582 3706 835 3774 perfecta
890 3704 1176 3774 doctrina,
1229 3706 1333 3760 sed
1377 3722 1496 3759 non
1539 3705 1826 3760 iustificat.
1900 3703 1958 3772 4)
1997 3704 2324 3772 Evangelio:

482 3778 682 3830 melior
718 3776 975 3831 doctrina
1010 3792 1159 3844 quae
1194 3776 1481 3831 iustificat.

2543 2718 2545 2741 i.
2542 2691 2545 2706 ’
2537 2469 2547 2671 -Αψ-ῌ-ῌ-
2544 2449 2547 2455 .
2544 2411 2547 2438 -
2535 2102 2550 2402 Α-ᾳᾹ-Ὰ-Ᾱιᾼη-ῌ.“
