2584 4267
222 298 287 362 496
630 290 753 356 Abdias

221 473 415 554 reparabile,
450 469 534 533 Iuda
566 469 613 532 sic
645 475 683 532 ut
712 469 755 532 sit
783 474 946 532 mutatum
968 469 1004 530 in
1026 487 1164 548 regnum
1288 445 1290 532 l

129 615 130 618 1
223 561 351 624 Christi.
412 559 550 622 altenim
586 558 728 638 intellige
770 558 811 620 de
851 577 951 638 regno
992 557 1161 638 spirituali,

223 651 360 712 alterum
383 648 423 710 de
446 647 610 729 corporali.

291 773 334 836 Et
355 772 416 834 erit
438 777 567 835 sanetus
590 777 622 834 et
643 770 823 851 possidebit
845 769 960 833 domus
982 768 1088 844 Iacob,

224 877 394 961 staurium
439 877 576 958 proprie.
622 876 849 957 possidebunt,
896 873 984 938 istud
1028 875 1165 938 verbum

223 965 434 1046 magnifieum
456 985 523 1027 non
544 971 652 1046 potest
678 965 848 1029 convenire
875 976 974 1043 regno
1002 962 1086 1026 Iuda
1114 962 1165 1027 rel

223 1055 323 1118 Israel
345 1053 517 1134 corporali,
549 1052 589 1115 de
617 1072 716 1132 regno
745 1053 903 1134 spirituali
931 1052 1098 1132 intelligit,
1129 1052 1165 1112 in
1287 1060 1290 1141 1

225 1164 290 1223 quo
319 1142 435 1205 domus
462 1142 576 1218 Israel,
605 1141 743 1222 apostoli
771 1148 804 1203 et
832 1140 896 1202 alii.
949 1160 1032 1220 quae
1058 1159 1164 1220 posse·
1288 1157 1290 1217 j

225 1226 359 1295 derunt¹
393 1231 514 1310 ereptio
537 1229 577 1292 de
600 1249 697 1309 regno
724 1229 802 1292 vieti
830 1229 943 1292 mortis
972 1236 1006 1291 et
1033 1227 1164 1302 diaboli,
1288 1222 1290 1267 ¹

224 1317 368 1385 11111111
389 1317 420 1384 111
443 1316 676 1401 3111111111.
721 1317 794 1380 ut
785 1338 820 1379 m
843 1318 916 1380 Era
943 1311 992 1378 2²
1019 1336 1078 1396 per
1099 1335 1166 1378 ver-
1289 1327 1290 1338 ¹

224 1408 305 1471 bum
328 1401 522 1490 evanlqeliil.
547 1413 580 1469 et
601 1399 899 1490 praemissionem:
928 1411 988 1468 eto.
1035 1410 1168 1467 sanctus

174 1548 176 1551 .
225 1497 283 1576 qui
305 1515 372 1558 non
394 1501 451 1576 pot
437 1501 501 1558 test
522 1495 674 1576 pollui..
698 1495 845 1574 gentium
866 1495 1022 1557 haetenus
1045 1499 1105 1555 ete.

573 1616 814 1698 Posselderantl:

225 1725 266 1786 de
300 1725 450 1804 gentibus
485 1724 608 1787 dietum
642 1731 692 1787 est
724 1743 807 1803 quae
847 1724 883 1790 in
916 1728 1022 1785 totum
1054 1721 1170 1784 orbem

225 1819 382 1875 terrarum
409 1812 571 1894 dispersae
605 1818 710 1887 erant,
745 1818 858 1893 postea
890 1811 1039 1874 veniente
1073 1829 1168 1872 evan·

227 1895 373 1984 [qdiop
363 1922 399 1963 rn
414 1901 653 1964 oboedientiam
667 1861 745 1962 fidei
759 1906 968 1980 congregatae
984 1892 1078 1962 sunt³
1105 1905 1167 1961 ete.

225 1990 265 2051 In
295 1990 358 2053 ista
387 1989 527 2069 generali
555 1989 756 2070 possessione
784 1989 932 2068 gentium
959 1985 1167 2068 possi[dehrt]:

225 2078 325 2140 etiam
347 2097 422 2158 pars
444 2077 561 2140 domus
590 2077 707 2153 Iacob„
728 2077 845 2139 domus
873 2075 1001 2156 Ioseph,
1029 2094 1169 2154 regnum

225 2167 333 2242 Israel,
357 2167 419 2229 hoo
442 2185 611 2246 nunquam
634 2172 684 2228 est
705 2165 910 2246 corporaliter
934 2165 1067 2240 fautum,
1091 2183 1169 2242 ergo

225 2255 435 2335 spiritualiter
471 2254 735 2334 intelligendum,
779 2253 895 2317 domus
939 2252 1058 2332 Ioseph
1100 2271 1170 2314 non

225 2343 322 2406 rediit
344 2349 419 2424 post
441 2342 683 2423 oapltivr'tnteml·
706 2339 961 2426 Balbplom’eaml:
983 2341 1066 2403 haee
1086 2339 1170 2402 fient

225 2436 398 2510 postquam
420 2429 576 2492 Idumaea
603 2431 756 2493 devorata
788 2437 851 2507 est,
887 2437 936 2494 est
922 2427 1140 2494 t'redaota
1131 2447 1169 2489 m

225 2516 374 2580 nihilum.
392 2517 551 2598 signifieat
562 2538 636 2598 ergo
648 2539 767 2582 novam
778 2519 992 2583 vastationem
1003 2517 1055 2580 et
1045 2535 1168 2596 ignem

225 2605 428 2686 evangelium
451 2607 668 2687 incorporabit
682 2627 757 2671 oum
772 2608 885 2671 ceteris
900 2605 1051 2687 gentibus
1066 2604 1169 2668 etiam

225 2695 405 2758 Idumaeos.

583 2782 805 2864 devora[l›uat],

225 2889 260 2952 id
283 2896 346 2953 est:
370 2890 622 2970 ineorporabunt
644 2909 698 2952 eos
721 2890 928 2971 spiritualiter
957 2889 1004 2953 sio
1032 2892 1071 2949 ut
1100 2907 1170 2949 non

224 2978 392 3058 rapiantur
415 2997 433 3040 e
455 2977 615 3040 manibus.
662 2973 835 3040 Ioannest:
860 2997 957 3060 nemo
979 2975 1084 3057 rapiet
1106 2980 1169 3037 ete.

225 3068 325 3129 semel
348 3072 534 3146 susceptum
556 3086 628 3130 vere
644 3067 847 3146 evangelium
868 3086 936 3128 non
950 3069 1058 3146 potest
1071 3062 1170 3125 facile

225 3155 303 3216 tolli.
357 3155 506 3234 Regnum
527 3155 589 3216 hoe
602 3154 731 3218 ‘Christi
754 3155 800 3217 sio
822 3152 1009 3234 subiugabit
1029 3169 1172 3231 reguum

225 3241 312 3316 Esau
334 3247 373 3304 ut
394 3243 534 3322 reliquas
557 3249 684 3322 gentes,
709 3243 755 3305 sio
777 3249 815 3306 ut
836 3242 918 3304 nihil
940 3241 1104 3320 reliquren
1126 3239 1174 3302 sit

32 3352 68 3370 Ὢ
162 3329 312 3409 ““’1111οά
336 3330 520 3392 dominetur
541 3351 640 3411 regno
663 3331 781 3394 Christi
803 3331 854 3396 vel
875 3335 987 3410 regnet
1009 3334 1069 3392 ete.

84 3440 86 3448 ’
229 3490 235 3499 ‚
314 3418 485 3500 Prophetis
521 3425 570 3482 est
556 3418 643 3482 tde
673 3418 888 3500 divulgatione
920 3411 1100 3502 evangelii]

225 3506 371 3570 verbim
394 3527 505 3570 omnes
528 3512 649 3587 gentes.

315 3680 342 3748 1)
361 3681 396 3734 In
415 3679 558 3748 margine:
577 3680 679 3736 Medos
697 3684 749 3735 ete
768 3683 799 3734 et
816 3683 910 3735 totum
927 3679 1098 3736 universum
1116 3681 1141 3734 el

225 3749 326 3816 21111
345 3749 370 3818 2,
389 3749 414 3804 3.
450 3750 479 3818 3)
498 3768 525 3806 v.
545 3751 586 3804 18.
623 3751 652 3820 4)
672 3751 736 3806 Ioh.
756 3749 860 3820 11118.
