2584 4267
213 301 277 365 396
540 299 644 381 Caput
666 300 811 380 primum
883 361 888 364 .

211 479 361 544 evertisse
384 477 499 542 divites
522 483 555 540 et
576 476 720 557 insignes
743 475 889 540 civitates
912 470 1063 539 Gaaad}
1111 477 1159 540 Et
1187 490 1196 496 '

211 569 290 630 haee
320 567 510 649 metaphora
540 565 638 628 etiarn
667 565 786 628 rectius
820 565 970 630 convenit
997 583 1073 628 eum
1099 565 1156 642 iis,

212 676 295 738 quae
319 662 498 736 sequuntur
520 654 560 717 de
589 655 732 718 dilatatis
758 654 915 718 terminis.
961 655 1033 717 Hoe
1062 655 1156 716 enirn

212 745 366 827 peculiari
404 744 483 808 vitio
521 743 689 806 laborabat
732 743 787 806 hie
824 743 979 825 populus,
1017 748 1057 805 ut
1093 743 1155 805 im-

211 840 325 916 petum
362 833 481 896 faceret
517 832 559 894 in·
590 833 745 895 terminos
778 833 1031 895 Israhelitarum.
1089 830 1156 894 Sed
1276 883 1280 914 ,

212 923 240 986 si
274 923 346 1002 quis
381 921 479 985 etiam
513 920 553 982 de
588 921 695 984 scissis
729 921 870 1000 gravidis
902 920 1040 1000 intelligi
1073 921 1156 996 vult,

211 1031 279 1074 non
311 1011 430 1073 laboro.
476 1009 664 1072 Absurdum
698 1016 809 1072 tamen
843 1015 892 1072 est
924 1009 1001 1072 huie
1032 1009 1157 1090 populo

212 1094 386 1181 tanquam²
413 1098 553 1168 tribuere
577 1099 753 1163 saevitiam.

533 1312 573 1375 ln
595 1331 689 1375 muro
712 1311 832 1374 Rabbe.

193 1519 196 1540 Ι
302 1452 442 1534 Singulis
482 1453 666 1534 regionibus
705 1453 873 1536 peculiaris
902 1453 1011 1533 aliqua
1043 1458 1077 1515 et
1105 1454 1156 1514 in-

213 1540 313 1621 signis
336 1548 404 1606 erat
425 1543 503 1606 urbs
511 1547 541 1624 ‚†
570 1562 590 1604 a
613 1561 678 1622 qua
700 1549 768 1606 tota
789 1542 876 1622 regio
899 1561 1018 1604 nomen
1045 1541 1156 1604 sortie-

212 1631 317 1708 batur,
346 1637 384 1694 ut
406 1637 455 1694 est
478 1649 605 1694 cernere
626 1631 663 1693 in
686 1631 838 1695 omnibus
861 1631 1003 1694 historiis
1027 1626 1158 1694 sacris.*

587 1825 628 1890 In
650 1826 784 1891 ululatu.

304 1967 452 2030 Rectius:
473 1967 715 2042 vociferatione3
739 1989 817 2032 nam
841 1969 881 2032 de
905 1968 1043 2032 elamore
1058 1968 1157 2032 vieto-

213 2075 287 2119 rum
303 2057 369 2122 sive
384 2056 494 2133 iubilo,
519 2077 586 2120 non
601 2056 642 2120 de
657 2057 707 2134 iis,
732 2059 789 2138 qui
804 2058 881 2122 vieti
896 2064 981 2134 sunt,
1000 2056 1157 2138 loquitur,

214 2152 252 2208 ut
275 2146 395 2210 seilicet
415 2146 525 2209 hostes
548 2146 714 2209 iubilaturi
737 2147 803 2210 sint
825 2145 996 2212 evertendo
1019 2151 1079 2209 eto.

376 2341 418 2402 Et
439 2339 501 2403 ibit
523 2341 716 2404 Melohom
706 2361 742 2403 m
764 2341 993 2422 captivitatem

304 2480 449 2543 Nont
400 2486 449 2543 est
471 2501 590 2544 nomen
613 2484 794 2565 proprium,
827 2483 884 2546 sed
911 2483 1157 2565 adpellativum

214 2568 328 2649 ltaque
357 2562 421 2632 sie³
455 2569 657 2633 reddendum
687 2579 749 2635 est:
784 2573 851 2636 Ibit
882 2592 940 2635 rex
973 2591 1087 2636 eorum
1119 2573 1159 2634 in

215 2657 444 2738 captivitatem
490 2659 676 2740 Milohonbb
699 2666 807 2724 autern
836 2661 916 2724 deus
939 2661 1003 2724 fuit
1024 2664 1158 2724 Ammo

214 2747 372 2826 nitarum,
404 2768 482 2810 nam
513 2749 596 2812 siout
626 2749 763 2830 singulis
794 2750 979 2830 regionibus
1010 2750 1160 2830 singulae

215 2843 306 2900 erant
340 2837 499 2914 civitates,
534 2837 622 2900 unde
657 2839 845 2902 sortirentur
877 2858 1014 2914 nomen,
1050 2839 1099 2902 ita
1125 2846 1161 2902 et

215 2925 335 3005 singuli
358 2927 553 3007 singularem
576 2927 761 2990 habuerunt
783 2927 891 3005 deum,
923 2932 961 2990 ut
982 2927 1161 2991 Palaestini

214 3014 399 3078 habuerunt
420 3016 548 3096 Dagon,
577 3016 783 3079 Ammonitae
805 3016 964 3093 Milohon,
995 3016 1161 3080 Moabitae

215 3102 421 3185 Beelphegor
422 3103 487 3185 †††
510 3105 593 3167 sieut
615 3105 738 3168 habent
759 3101 948 3202 historiaeleit
971 3099 1052 3168 ete.4

479 3313 892 3379 “’)11111111101·1111125.4

306 3311 418 3380 '110ta)

307 3507 463 3573 1)Gilead
501 3509 528 3578 2)
545 3513 666 3564 tantam.
701 3509 730 3578 3)
748 3510 804 3565 hio.
841 3508 987 3578 4)deest.
1001 3514 1055 3564 ete,

307 3703 335 3773 †)
354 3703 399 3758 Ab
418 3703 539 3758 urbibus
552 3703 695 3772 imposita
706 3705 826 3760 nomina
837 3705 1010 3774 regionibus
1037 3704 1150 3774 11)111’,

218 3772 401 3844 1111011111)
420 3774 599 3842 Singulorum
618 3776 791 3843 populorum
802 3777 921 3844 singula
938 3777 1067 3831 numina
