2584 4267
927 297 1128 365 Amos
1172 297 1544 376 prophetae.
2044 297 2174 361 435

292 476 549 536 minum
597 472 810 536 taliter
844 473 1035 535 'omni
1078 472 1327 536 nationi
1371 468 1529 536 etc*
1614 471 1769 536 Ideo
1824 474 2178 554 arguebant

292 564 617 624 mendaeii
677 566 932 627 sanctos
989 561 1340 644 prophetas
1397 567 1735 625 venturam
1794 557 1935 626 dei¹
2011 563 2176 626 iram

296 652 784 728 annuneiantes,
831 657 908 715 ut
950 650 1066 731 qui
1110 656 1334 714 contra
1371 651 1585 731 legem
1627 650 1735 713 dei
1763 650 2177 731 loquerentur

292 748 360 804 at
425 748 649 804 1111111111
717 739 1172 821 promissiones
1237 738 1366 802 dei.
1470 739 1867 803 Huiusmodi
1933 739 2175 822 impiae

292 848 481 892 voees
561 828 806 908 egregie
881 828 1196 908 expressit
1269 827 1599 907 Micheas-1·
1673 847 1811 910 cap.
1884 825 2018 890 23¹⁸*
2092 848 2175 892 ne

292 920 653 996 loquamini
729 918 1096 998 loquentes,
1186 936 1321 980 non
1398 916 1666 982 stillabit
1733 936 1927 999 super
1992 916 2170 995 istos,

292 1028 425 1068 111111
493 1005 997 1088 eomprehendet
1071 1005 1364 1069 confusio
1431 1005 1593 1069 dicit
1658 1005 1893 1070 domus
1958 1006 2172 1083 Iacob,

292 1116 380 1156 nu
389 1096 597 1176 mquid
641 1095 1048 1160 abbreviatus
1095 1100 1193 1157 est
1236 1095 1502 1179 spiritus
1546 1095 1798 1158 domini
1844 1101 1957 1158 aut
2013 1095 2173 1158 tales

292 1191 449 1244 sunt
517 1183 936 1264 cogitationes
1003 1183 1142 1245 eius
1209 1189 1330 1246 ete.
1443 1183 1584 1246 Has
1652 1203 1878 1265 omnes
1937 1183 2173 1264 impias

292 1292 477 1336 voees
557 1272 747 1336 diluit
817 1272 927 1336 hic
1000 1272 1321 1353 propheta
1393 1272 1595 1335 Amos
1611 1320 1625 1349 ‚
1713 1269 1974 1352 quando
2051 1272 2172 1335 ait:

292 1360 597 1436 Quaerite
654 1360 898 1424 bonum
957 1367 1024 1424 et
1074 1380 1207 1423 non
1250 1361 1499 1425 malum
1546 1366 1663 1424 etc.
1730 1381 1793 1440 q.
1841 1358 1992 1440 d.††
2034 1380 2173 1442 pro-

292 1451 473 1512 misit
521 1448 851 1526 domium,
901 1469 970 1512 se
1015 1449 1371 1513 affuturum
1414 1448 1625 1526 vobiS,
1689 1449 1803 1512 sed
1848 1449 2002 1531 piis,
2059 1449 2176 1511 ubi

292 1540 697 1600 servaverit-:¹15
741 1557 906 1618 quae
949 1538 1134 1602 vobis
1179 1538 1519 1620 praecipit,
1568 1538 1735 1601 sicut
1778 1543 1845 1601 et
1887 1539 2174 1602 Micheas

292 1628 585 1700 subiicit,
637 1646 852 1688 nonne
896 1626 1092 1690 verba
1135 1646 1282 1690 mea
1326 1627 1503 1689 bona
1546 1633 1701 1690 sunt
1744 1647 1893 1689 cum
1940 1647 2014 1690 eo
2060 1629 2175 1709 qui

296 1724 465 1780 recte
516 1716 801 1796 graditur
846 1709 1002 1779 etc.²

709 1893 786 1956 In
831 1892 1134 1956 omnibus
1179 1891 1409 1974 plateis
1456 1891 1795 1974 planctus)

473 2016 733 2080 Transit
774 2017 930 2080 satis
977 2016 1139 2078 dura
1182 2016 1561 2081 transitione
1606 2014 1691 2078 ad
1736 2014 2171 2078 comminatio·

296 2124 473 2180 nem,
557 2124 617 2184 q.
689 2108 786 2168 [Lx
863 2106 1018 2185 quia
1092 2124 1226 2169 non
1300 2105 1603 2168 iudicatis
1677 2109 1922 2166 rectum
1937 2153 1951 2179 ‚
2028 2102 2172 2165 ideo

473 2276 525 2348 ¹¹¹)
565 2280 739 2348 Imp-ii
774 2282 840 2333 ut
875 2279 1359 2347 promissionibus
1396 2279 1491 2333 dei
1515 2294 1633 2333 non
1666 2276 1923 2346 credunt,
1961 2277 2043 2331 ita
2066 2291 2173 2331 nec

292 2352 485 2404 minis.
565 2348 645 2416 *ἡ
685 2349 832 2404 Vide
869 2350 1162 2418 egregium
1198 2351 1403 2405 locum.

477 2548 533 2612 1]
573 2548 721 2600 iram
756 2546 867 2599 dei.
941 2544 998 2614 2)
1036 2546 1315 2600 Additur:
1366 2547 1493 2601 Hoc
1542 2546 1701 2600 enim
1734 2550 1825 2600 est
1860 2545 2172 2599 discrimen

292 2616 449 2668 inter
489 2616 899 2684 promissiones
935 2616 1079 2683 legis
1116 2623 1177 2670 et
1212 2617 1511 2686 evangelii,
1550 2616 1706 2686 quod
1739 2617 1855 2670 ista
1890 2631 2038 2683 quae
2073 2617 2172 2670 lex

292 2688 609 2756 promiitit,
661 2687 768 2744 sub
819 2691 975 2741 certa
1024 2687 1354 2742 conditione
1402 2687 1719 2756 promittit,
1774 2687 1924 2741 sicut
1970 2690 2170 2741 textus

292 2756 441 2812 clare
469 2756 637 2812 dicit:
677 2758 788 2820 Qui
824 2758 1022 2812 fecerit
1058 2759 1216 2828 haec,
1253 2759 1411 2814 vivet
1434 2758 1499 2811 in
1523 2758 1623 2812 eis.
1684 2757 1923 2811 Honora
1945 2761 2171 2824 patrem

292 2836 352 2884 et
384 2832 649 2900 matrem*
685 2835 750 2884 ut
785 2829 869 2886 sis
904 2830 1216 2897 longaevus
1255 2845 1430 2898 super
1463 2833 1691 2883 terram.
1747 2827 1979 2895 Ubique
2014 2829 2173 2883 enim

292 2900 549 2956 annectit
589 2901 976 2956 conditionem
1011 2904 1340 2956 nostrorum
1375 2916 1639 2970 operum,
1692 2899 1843 2954 sicut
1890 2899 2041 2954 clare
2077 2915 2169 2968 ap·

292 2976 457 3036 paret
509 2988 581 3024 ex
625 2972 826 3037 ²:333.†††
889 2972 1076 3040 capite
1136 2971 1594 3042 Deuteronomii‚
1666 2971 1847 3025 immo
1913 2986 1989 3024 ex
2049 2974 2172 3024 tota

292 3040 429 3108 Iege.
517 3043 1019 3109 Evangelionfffi
1056 3047 1267 3114 autem,
1307 3059 1455 3112 quae
1491 3042 1793 3112 promittit,
1830 3041 2007 3108 gratis
2043 3040 2169 3093 sine

292 3112 621 3168 een-:litiano
657 3113 830 3168 uilius
868 3115 1058 3182 operis
1093 3117 1400 3183 promittit.
1476 3117 1666 3180 Quare
1708 3114 1808 3181 qui
1844 3111 2166 3179 promissio·

292 3200 425 3236 nem
465 3184 577 3240 fide
613 3185 836 3254 accipit,
873 3201 1004 3239 eam
1039 3189 1194 3241 certo
1218 3186 1604 3255 consequitur,
1642 3184 1792 3238 nihil
1815 3181 2169 3249 impediente

292 3272 477 3324 neque
517 3256 828 3324 praeterita
861 3257 984 3312 vita
1019 3257 1187 3327 mala,
1225 3275 1333 3313 nec
1368 3256 1659 3325 praesenti
1696 3259 1755 3313 et
1790 3255 1984 3307 futura
2018 3253 2169 3307 infir·

292 3328 509 3380 [nitate.
587 3328 697 3392 Qui
737 3327 1130 3381 misericordia
1178 3328 1274 3382 dei
1310 3330 1374 3382 in
1413 3327 1645 3381 Christo
1679 3325 1851 3380 nobis
1886 3324 2165 3393 exhibita,

320 3400 449 3448 etta
501 3400 561 3448 et
616 3396 939 3453 infallibilis
994 3402 1085 3452 est
1099 3441 1113 3468 ‚
1175 3414 1306 3452 eam
1366 3414 1497 3452 cum
1550 3397 1696 3451 fides
1750 3397 2007 3451 intuetur
2067 3412 2170 3462 per

320 3464 617 3541 iminium,
669 3468 796 3524 sine
840 3468 1170 3523 conditione
1223 3470 1414 3538 operis
1450 3472 1552 3523 aut
1588 3467 1885 3536 dignitatis
1922 3470 2169 3534 nostrae,

312 3540 501 3604 recipit
541 3544 694 3592 eei-tc·
733 3555 879 3607 quae
915 3539 1349 3607 promittuntur.
1592 3543 1597 3546 '

469 3700 529 3768 τ)
581 3700 777 3753 hfieha
821 3698 872 3754 2.
995 3698 1090 3768 ἢ)
1142 3698 1565 3755 Promissiones
1618 3700 1765 3753 aliae
1818 3697 1963 3764 legis
2006 3695 2170 3750 -aliae

296 3772 593 3838 evangelii.
669 3770 799 3839 †-††)
838 3772 1006 3828 Deut.
1045 3771 1130 3825 28.
1204 3770 1377 3840 ††††)
1415 3771 1811 3838 Evangelium.
2187 3806 2197 3823 ,

1745 3858 1848 3912 28*
