2584 4267
473 324 709 403 Prolegomena.
996 323 1057 387 133

132 498 323 577 MDXXIV.‚
348 499 451 580 quod,
474 502 599 565 utiam
622 520 719 582 supra
740 502 776 563 in
798 500 995 582 praefatione
1018 501 1065 563 ad·

132 588 260 667 priorem
291 590 465 670 prophetae
494 590 729 654 enarrationem
758 589 1057 666 demonstravimus,

131 676 214 740 nobis
244 679 399 758 probatur
426 698 466 743 ex
491 678 599 742 libello
629 679 870 759 manuscripto
897 700 917 741 a
937 698 991 741 me
1013 698 1057 740 re-

130 772 219 844 perto.
261 766 338 830 Fuit
359 765 503 848 quidam,
527 787 624 848 quem
646 769 886 848 typographum
899 766 1059 830 ioannem

129 854 291 918 Albertum
324 857 625 935 Argentoratensem
658 856 767 937 ipsum
800 862 895 938 puto,
934 856 991 935 qui
1024 855 1059 917 in

129 944 309 1025 exemplum
337 944 485 1007 omnium
513 946 745 1026 prophetarum
773 952 806 1009 et
838 945 999 1007 maiorum
1028 950 1060 1007 et

129 1030 285 1095 minorum
307 1033 439 1097 Lutheri
468 1040 601 1115 excepto
624 1033 757 1097 Daniele
786 1040 819 1096 et
839 1034 949 1097 Hosea
978 1033 1059 1096 forte

129 1120 283 1197 inciderit,
314 1122 469 1184 nimirum
497 1122 533 1185 in
563 1123 722 1199 codicem,
754 1122 845 1185 euius
868 1142 967 1201 quam
989 1141 1057 1203 pro·

129 1210 332 1289 mulgandam
358 1230 514 1292 praeparo
543 1230 616 1291 pars
646 1218 696 1274 est
723 1212 830 1274 altera.
880 1211 944 1272 Hie
974 1230 1059 1273 anno

129 1296 340 1367 MDXXXVI.
360 1300 563 1379 Argentorati
577 1300 810 1381 imprimendae
825 1319 866 1361 ex
881 1299 935 1361 illo
951 1298 1060 1361 codice

129 1386 184 1447 sibi
211 1388 310 1467 elegit
337 1389 553 1451 enarrationes
579 1390 615 1451 in
642 1394 706 1453 tres
728 1389 901 1469 prophetas
924 1387 1057 1463 Joelem,

129 1475 220 1538 Amos
248 1482 282 1539 et
304 1475 444 1540 Abdiam
470 1484 503 1541 et
533 1486 573 1539 ex
601 1478 688 1540 illius
716 1477 865 1541 editionis
887 1475 1060 1542 ueletiam

130 1582 165 1625 ex
183 1564 282 1627 huius
305 1564 422 1628 codicis
446 1572 598 1629 contextu
613 1566 709 1629 Vitus
727 1565 912 1630 Theodorus
934 1564 1061 1645 collegit

131 1670 201 1731 quas
222 1654 261 1715 in
286 1654 485 1733 praefatione
513 1654 614 1718 libelli
643 1655 906 1718 commemoravit
927 1652 1061 1716 Lutheri

131 1742 297 1805 sententias
329 1762 396 1817 ,suo
418 1746 527 1806 more‘.
573 1742 665 1806 Haec
692 1763 797 1824 pauca
822 1762 910 1805 more
933 1747 1060 1805 nostrae

131 1828 272 1893 editionis
302 1831 537 1911 praemittenda
564 1831 729 1896 sufficiant
757 1832 799 1896 ad
827 1851 897 1893 rem
926 1830 1060 1892 dubiam

133 1924 218 1997 atque
241 1918 428 1999 ambiguam
451 1919 690 2001 explanandam
713 1926 809 2000 atque
824 1918 1058 1982 illustrandam.

211 2008 334 2084 Restat,
370 2015 407 2072 ut
441 2007 481 2071 de
515 2009 655 2072 editione
684 2009 829 2089 principe
860 2028 896 2069 ac
925 2006 1061 2087 repetita

132 2094 219 2157 huius
248 2096 334 2159 tertii
363 2097 584 2161 commentarii
612 2098 649 2159 in
676 2098 801 2161 Joelem
830 2116 890 2159 neo
919 2116 984 2158 non
1020 2094 1060 2156 de

134 2183 267 2247 eiusdem
282 2186 427 2249 versione
443 2192 475 2250 et
488 2186 669 2267 receptione
685 2187 721 2248 in
735 2186 839 2253 varias
859 2183 1059 2248 collectiones

135 2290 259 2353 operum
279 2274 411 2338 Lutheri
434 2294 515 2355 quae
545 2282 658 2338 extant
686 2276 833 2339 omnium
860 2274 933 2338 sciri
955 2292 1059 2335 neces·

135 2362 207 2423 saria
229 2362 395 2428 addamus.
750 2401 754 2408 ,

165 2450 188 2511 l.
211 2451 355 2514 Editioni
377 2450 515 2532 principi
537 2452 734 2517 inscribitm:

212 2538 309 2601 lOEL
332 2540 421 2610 PRO·
443 2539 448 2623 Ι
467 2541 620 2617 ΡΗΕΤΑ,
648 2541 739 2604 CVM
762 2541 859 2604 OOM·
886 2538 891 2623 Ι
918 2554 1060 2608 ΜΕΝΤΑ-

213 2642 286 2697 RHS
335 2643 560 2697 REVERENDI
611 2627 616 2711 Ι
671 2630 696 2692 ir
738 2636 856 2693 sancta
897 2629 1060 2691 memoriae

213 2717 273 2779 uiri
307 2719 345 2780 D.
378 2715 383 2799 Ι
414 2718 546 2783 Martini
578 2718 720 2782 Lutheri
753 2717 759 2801 Ι
789 2718 883 2782 Nunc
916 2718 1059 2798 primum

214 2806 325 2869 aditus
363 2826 425 2887 per
448 2808 502 2869 Vi·
534 2804 538 2889 Ι
569 2813 641 2870 turn
675 2806 878 2870 Theodorum
913 2804 1000 2869 Nori·
1035 2802 1040 2886 Ι

213 2894 408 2973 bergensem.
437 2892 441 2978 Ι
469 2896 612 2975 (insigne
653 2894 918 2973 Norimbergense
955 2892 1060 2973 clypei

214 2982 315 3045 forma
339 2984 428 3064 ligno
457 2984 620 3061 incisum.)
648 2981 653 3065 Ι
679 2984 858 3064 Impressus
880 2980 1058 3045 Norimber-

215 3090 268 3149 gae,
297 3072 332 3134 in
356 3072 486 3137 officina
506 3070 509 3153 Ι
529 3072 661 3135 loannis
683 3072 839 3147 Montani,
869 3070 894 3133 ir
915 3069 1015 3133 Vlrici
1035 3066 1040 3150 Ι

214 3158 346 3223 Neuber.
393 3164 488 3224 Anno
509 3158 513 3243 Ι
533 3162 578 3223 M.
591 3162 629 3223 D.
643 3162 775 3226 XLVII.

154 3246 191 3308 Π.
215 3247 318 3316 Editio
352 3250 488 3331 repetita
522 3249 658 3313 eandem
687 3248 929 3331 inscriptionem
961 3247 1061 3311 habet

216 3345 346 3418 excepta
358 3339 436 3401 anni
447 3338 661 3415 denotatione,
674 3338 804 3417 quaein
815 3337 1057 3400 M.D.XLVIH.

216 3432 339 3489 munta
358 3434 415 3490 est.
712 3440 730 3473 a

280 3515 367 3589 Quae
406 3516 561 3579 editiones
599 3515 696 3579 modo
742 3515 856 3579 citatae
893 3521 1059 3594 tantopere

218 3596 394 3681 congruunt
422 3605 457 3666 in
486 3604 636 3667 foliorum
664 3603 899 3684 designatione,
929 3603 965 3663 in
993 3621 1058 3665 vcr-
1101 3656 1109 3669 .

217 3689 326 3753 borum
349 3693 390 3756 ad
414 3693 549 3755 eosdum
570 3693 656 3755 locos
676 3713 848 3774 versusque
871 3690 1059 3753 refertorum

219 3777 337 3857 ordine,
373 3802 468 3863 porro
497 3781 532 3843 in
561 3801 696 3845 numero
726 3782 940 3863 plagularum,
976 3796 1059 3857 quae
