2584 4267
226 299 290 362 344
549 300 656 383 Caput
678 301 830 382 quintum

225 477 305 557 quid
327 477 426 540 fecit?
471 476 570 560 Impii
596 492 719 543 tionum
740 477 776 543 bo
798 475 847 557 [tet
876 496 913 540 ao
941 477 1057 538 sinon
1080 480 1176 540 esset

225 565 305 628 dena
327 566 362 627 in
384 566 472 629 coelo
496 567 585 630 etin
607 572 700 629 terra.
740 565 820 646 quid
835 565 934 630 faciat
955 565 1084 628 iustus?
1112 579 1176 630 met

225 651 287 735 1111ss
309 651 352 736 qt,
375 655 423 718 bet
445 652 561 737 [rimeqq
584 652 638 736 nit,
663 655 740 735 quia
766 659 902 734 regnant
924 660 957 717 et
986 653 1173 735 praedomi-

226 748 346 813 nantur
367 743 455 806 mali.
502 742 666 826 Intuebor,
690 740 742 809 nte
765 749 796 809 et
819 741 882 825 pete
905 749 963 806 etc.

600 897 783 979 Quaerite‚¹.

224 1028 353 1072 rursum
375 1009 571 1086 exhortatu,
594 1009 711 1074 vivatis
733 1014 771 1072 ut
793 1009 875 1072 bene
896 1008 1059 1083 habeatis,
1083 1006 1177 1070 aient

226 1096 348 1174 dicitis,
377 1097 499 1161 idest:
531 1098 667 1162 iactatis.
713 1096 881 1178 Numquid
911 1097 1097 1161 abbreviata
1123 1101 1177 1158 est

225 1206 343 1249 manue
366 1186 504 1263 domini,
527 1187 565 1249 in
585 1181 675 1249 Isa²:
699 1187 735 1249 in
758 1186 862 1249 Erech
884 1185 921 1250 in
942 1177 1086 1249 ΜίοΙιεε8
1118 1184 1175 1246 ab·

227 1273 390 1338 breviatus
424 1281 484 1338 etc.
526 1275 582 1338 hic
614 1275 732 1338 videtis
766 1293 892 1357 pugnae
925 1274 1175 1356 prophetarum,

229 1383 356 1443 semper
377 1364 472 1444 impii
485 1363 658 1440 iactabant,
683 1384 717 1427 ee
731 1363 850 1428 habere
864 1363 1043 1444 propitium
1058 1361 1174 1424 deum.

229 1457 359 1533 prepter
381 1471 478 1533 opera
499 1452 594 1528 bona,
616 1453 702 1516 eicut
716 1453 813 1534 Papa,
836 1450 981 1515 deusest
1002 1451 1038 1512 in
1053 1448 1177 1512 'medio

230 1539 341 1602 nostri.
383 1541 444 1603 erit
465 1540 641 1617 vobiscum,
667 1541 724 1604 aed
739 1539 827 1604 eiiud
842 1544 968 1622 oportet
981 1558 1039 1604 vos
1053 1539 1175 1613 facere,

228 1629 313 1709 boant
333 1628 471 1692 libenter
493 1629 554 1693 erit
582 1630 763 1706 vobiscum,
792 1627 832 1708 it)
861 1627 910 1694 oin
937 1626 966 1708 lo
994 1626 1080 1709 ttoni,
1115 1626 1177 1690 aad

228 1736 303 1780 cum
332 1717 373 1780 iia
396 1718 453 1798 qui
478 1723 563 1782 recte
591 1718 761 1782 incedunt:
792 1710 886 1785 aliae⁴
901 1716 1005 1782 frusta
1032 1715 1174 1779 iactatis.

593 1869 653 1940 41n
676 1869 798 1959 porta,⁵

229 1983 284 2049 bot
307 1999 376 2049 mun
397 1981 468 2065 tecit
489 1982 557 2065 titii
578 1983 775 2067 pauperibus
789 1989 858 2066 etc.
904 1983 1000 2065 pauci
1026 1987 1177 2067 vaenum

229 2077 315 2149 eunt,
339 2077 388 2155 qut
408 2073 459 2140 ion
480 2072 542 2154 eud)
564 2072 631 2154 nod)
656 2072 789 2154 ετῇαῐίει,
813 2071 869 2135 sed
893 2072 970 2152 quia
991 2090 1058 2133 non
1081 2069 1176 2133 audi-

230 2162 281 2237 tis,
317 2169 470 2242 aequetur
502 2163 573 2227 hoc.
634 2162 751 2225 transit
784 2160 825 2224 de
859 2159 1083 2241 exhortatone
1118 2157 1174 2238 ad}

231 2250 524 2314 comminationem.
575 2245 671 2314 ⁶Idco
699 2250 776 2331 quia
803 2269 871 2313 non
901 2247 1020 2314 auditis
1048 2254 1081 2310 et
1102 2267 1177 2310 non

230 2343 279 2400 est
311 2339 478 2401 vobiscum
512 2339 690 2415 dominus(
721 2344 758 2402 ut
792 2337 873 2401 dicit
905 2337 1029 2400 cunctis
1063 2336 1177 2409 straus

230 2423 338 2508 quitor,
361 2425 396 2488 id
411 2432 476 2489 est:
501 2427 623 2507 erigam
637 2428 806 2508 planctum
820 2426 856 2489 in
871 2426 1023 2489 omnibus
1039 2424 1170 2506 plateis,

229 2514 395 2577 vocabitur
425 2514 523 2576 etiam
557 2515 695 2595 agricola
728 2515 771 2578 ad
804 2516 941 2592 luctum,
977 2513 1012 2576 id
1041 2518 1106 2576 est:
1148 2513 1178 2576 ei

229 2602 450 2683 magnificabo
477 2603 611 2681 luctum,
646 2610 685 2667 ut
719 2604 762 2667 eit
793 2603 829 2667 in
857 2603 934 2668 villa
962 2603 1070 2678 etiam,
1104 2621 1178 2664 non

231 2692 337 2754 solum
359 2692 394 2754 in
418 2691 561 2769 civitate,
586 2698 713 2756 utnon
735 2691 779 2755 sit
800 2693 938 2772 angulus
960 2689 997 2753 in
1019 2708 1084 2771 quo
1105 2710 1180 2753 non

230 2780 275 2843 eit
296 2779 402 2844 luctus
425 2786 458 2845 et
479 2781 657 2862 planctum,
686 2780 809 2844 idest:
840 2781 1022 2860 generalem
1048 2779 1181 2841 luctum

231 2866 371 2949 cantitat
403 2869 440 2932 in
473 2875 542 2934 tota
574 2876 667 2933 terra.
714 2869 758 2932 Et
779 2868 991 2953 quicumque,
1027 2874 1090 2933 mut
1118 2881 1181 2933 tmt

231 2959 329 3040 teuton
350 2957 430 3037 nae
454 2958 508 3025 tot
530 2956 599 3038 mut
621 2957 729 3040 benten
752 2955 832 3040 inne,
856 2957 907 3035 ott,
931 2955 1000 3040 prot
1015 2955 1070 3024 ont
1085 2954 1180 3038 fietu,

398 3111 401 3116 ⁷
458 3117 557 3181 etiam
579 3117 615 3179 in
637 3116 789 3180 omnibus
812 3109 944 3192 νὶηείε,π
990 3177 993 3181 ,
1093 3199 1097 3202 -

232 3223 355 3286 idest:
391 3244 459 3286 non
486 3226 599 3292 ‚colum
632 3223 802 3303 agricolae,
839 3222 896 3286 sed
930 3223 1029 3286 etiam
1062 3241 1181 3285 omncs

234 3313 396 3389 vinitores,
413 3312 497 3378 siout
512 3312 646 3376 transivi
661 3313 698 3374 in
713 3313 842 3393 Egypto
857 3311 1039 3393 percutiens
1054 3311 1180 3380 omnia,

235 3401 363 3464 calcabo
386 3407 418 3465 te
442 3408 474 3466 et
496 3401 685 3484 percutiam,
711 3400 795 3464 sicut
816 3399 879 3462 feci
901 3400 937 3462 in
959 3400 1096 3481 Egypto.
1120 3399 1155 3460 h*

234 3496 284 3553 est
317 3489 391 3552 finis
425 3489 657 3555 exhortationis
692 3494 725 3552 et
751 3487 931 3565 doctrinae,
962 3487 1056 3551 credo
1084 3507 1151 3572 eeqr

307 3701 334 3768 1)
365 3719 391 3756 v.
411 3700 453 3753 14
504 3698 532 3764 2)
561 3700 615 3752 Ιεε.
634 3696 678 3768 50,
697 3698 722 3752 2.
750 3697 793 3768 59,
813 3698 838 3751 1.
883 3696 912 3763 3)
941 3696 1028 3750 Mich⁴
1048 3695 1073 3764 2,
1098 3695 1147 3749 61

235 3771 264 3837 4)
283 3771 390 3838 Incipit
408 3771 455 3824 fol.
473 3768 560 3823 40.A.
581 3767 675 3822 insci.
712 3768 740 3836 t)
759 3786 785 3824 v.
800 3768 842 3822 15.
861 3767 908 3835 ,6)
927 3784 953 3824 v.
965 3766 1007 3821 16.
1047 3766 1147 3834 nar
