2584 4267
80 3254 83 3265 -
80 3194 82 3205 f
80 3148 82 3159 -
80 3126 82 3129 -
80 2885 87 3103 -η-Ἲ-Ἷ-Ἷτ
80 2717 86 2874 Ἷ-ὴή-
80 2689 83 2703 -

80 3705 91 3930 -,,---.τ,
80 3642 87 3683 ᾖ,
80 3560 83 3625 -,“
80 3476 82 3484 -
80 3428 83 3447 ..

901 227 1101 289 Amos
1146 227 1515 308 prophetae.
2021 227 2148 293 433

276 403 537 484 glubitis
613 404 917 466 miseram
966 403 1279 484 plebem,
1371 402 1843 476 intollerabilia¹
1911 403 2153 471 tributa

277 492 550 572 exigitis,
599 491 928 557 corraditis
973 492 1145 554 bona
1188 509 1304 575 per
1346 491 1449 566 sas
1494 497 1559 556 et
1603 490 1805 556 nefas

890 643 1202 733 Ablatum
1223 669 1542 744 electum,

276 774 342 836 id
387 781 487 838 est
505 823 520 850 ,
586 772 899 855 quicquid
943 775 1102 838 boni
1130 776 1392 838 habent
1434 793 1779 857 pauperes,
1841 773 1940 839 id?
1968 775 2152 839 vobis

275 864 618 945 usurpatis,
669 864 946 945 optimos
995 882 1196 944 agros,
1243 862 1502 941 fundos,
1547 863 1769 929 hortos
1812 863 1994 927 vobis
2039 883 2153 946 per

275 952 573 1033 rapinam
634 957 699 1014 et
743 952 1148 1032 tyrannicam
1194 952 1533 1016 avaritiam
1575 951 1760 1016 vobis
1816 952 2149 1016 subiicitis.

275 1039 399 1102 Hic
444 1035 999 1121 contemplentur¹
1068 1060 1136 1104 se
1196 1061 1371 1123 papa
1426 1060 1577 1103 cum
1633 1039 1767 1103 suis
1812 1034 1913 1103 et²
1982 1041 2150 1122 prin-

276 1128 446 1209 cipes
503 1129 711 1192 nostri
768 1125 1130 1193 exactoresss
1189 1135 1255 1192 et
1311 1147 1672 1211 pauperum
1730 1127 2149 1207 devoratores,

276 1217 386 1296 qui
431 1217 489 1280 si
550 1217 697 1296 quis
741 1218 1011 1300 pauperi
1068 1237 1217 1299 ager
1258 1217 1470 1282 bonus
1522 1223 1638 1294 est,
1688 1223 1801 1279 aut
1843 1217 2153 1299 quicquid

276 1305 485 1381 habet,
537 1305 619 1368 de
667 1325 740 1369 eo
786 1326 1122 1369 numerare
1168 1306 1419 1387 cogitur
1461 1305 1721 1370 tributa.

821 1483 1063 1545 Vineas
1111 1483 1607 1547 amantissimas.

450 1590 695 1652 Vineas
741 1587 1212 1652 desiderabiles,
1226 1583 1253 1622 ³
1351 1590 1500 1654 Vox
1552 1589 1679 1653 ista
1730 1591 1803 1652 in
1848 1591 2149 1654 omnibus

277 1678 608 1758 prophetis
681 1678 983 1758 frequens
1059 1681 1156 1740 est
1229 1682 1297 1741 et
1367 1678 1439 1740 in
1512 1678 1808 1760 psalmis:
1902 1673 2143 1759 scholtz*

277 1764 485 1850 Iustige,
535 1765 759 1848 bupicbe
803 1765 1112 1848 menubetq.

727 1939 965 2017 *Quia
1008 1943 1158 2007 novi
1203 1943 1440 2008 scelera
1482 1948 1710 2007 vestra.

451 2049 602 2112 Hoc
657 2049 851 2113 verbo
921 2049 1181 2129 quando
1240 2049 1365 2111 ait:
1438 2049 1589 2113 novi
1643 2055 1708 2114 et
1765 2049 2023 2114 illorum
2091 2057 2157 2114 et

283 2156 470 2202 suum
527 2137 834 2200 affectum
888 2137 1238 2216 significat,
1311 2158 1373 2217 q.
1434 2136 1529 2200 d..
1519 2161 1530 2174 ·
1601 2137 1703 2201 Ita
1732 2138 1741 2151 '
1772 2138 2030 2204 saevitis
2086 2139 2159 2202 in

283 2245 628 2308 pauperes,
685 2225 778 2288 ita
835 2225 1231 2307 opprimitis,
1298 2226 1520 2306 quasi
1544 2245 1661 2307 ego
1718 2246 1852 2290 non
1903 2226 2160 2303 videam

284 2321 392 2377 aut
436 2315 672 2390 sciam,
723 2313 836 2377 sed
883 2314 1126 2395 optime
1171 2313 1358 2378 video
1372 2317 1434 2395 ,†
1487 2314 1657 2379 oculi
1700 2315 1833 2381 mei
1878 2315 1963 2379 ad
2006 2335 2158 2398 pau·

285 2421 502 2482 perem
550 2403 921 2484 respiciunt,
977 2403 1144 2465 nihil
1187 2403 1482 2477 omnium
1526 2423 1692 2486 quae
1739 2404 1951 2469 facitis
1994 2405 2162 2469 mihi

283 2493 606 2588 occultum
661 2497 788 2566 est,
849 2495 924 2554 ut
966 2491 1252 2555 maxime
1298 2490 1382 2556 ad
1426 2499 1683 2577 tempus
1736 2493 2157 2570 dissimulem,

453 2666 510 2734 ⁸)
549 2665 840 2734 principes
889 2668 1202 2720 exactores.
1278 2663 1365 2731 **)
1402 2665 1615 2732 Incipit
1649 2645 1712 2734 pss
1746 2667 1927 2725 LXV.
1958 2641 2159 2722 'MSGL

461 2825 520 2893 1)
560 2825 992 2893 contempletur.
1077 2824 1134 2891 2)
1174 2825 1361 2881 deest:
1399 2827 1459 2877 et
1494 2824 1786 2892 principes
1824 2854 1890 2864 -
1927 2825 2160 2881 tributa.

288 2894 546 2963 Legitur:
609 2897 709 2964 qui
768 2912 903 2952 vere
959 2900 1096 2950 sunt
1155 2911 1478 2964 pauperum
1536 2894 1916 2956 devoratores.
2013 2896 2164 2952 Nam

287 2968 538 3036 passim,
577 2967 852 3035 quicquid
886 2983 1134 3036 usquam
1169 2967 1454 3036 optimum
1489 2965 1621 3034 fuit,
1660 2971 2011 3036 occuparunt
2042 2984 2163 3023 non

289 3010 602 3093 admodum
659 3039 924 3094 honestis
978 3038 1216 3092 artibus.
1308 3037 1438 3094 Etsi
1492 3041 1687 3092 autem
1737 3038 1982 3106 imperia
2036 3038 2164 3094 sine

288 3107 513 3174 magnis
550 3108 823 3170 oneribus
860 3109 1224 3164 subditorum
1243 3109 1431 3165 teneri
1454 3125 1572 3162 non
1594 3113 1857 3181 possunt,
1858 3109 1933 3176 ἦ·
1966 3113 2163 3165 tamen

285 3191 355 3231 ea
389 3178 454 3233 in
490 3195 554 3243 re
591 3179 829 3234 modum
862 3179 1078 3234 habere
1113 3180 1406 3249 principes
1448 3180 1637 3250 decet,
1687 3197 1764 3235 ne
1809 3198 1915 3249 pro
1958 3181 2162 3250 princi·

289 3247 460 3314 pibus
496 3255 776 3319 tyrannos
827 3266 890 3304 se
937 3251 1276 3321 exhibeant,
1329 3257 1390 3304 et
1431 3266 1537 3319 pro
1586 3251 1984 3308 defensoribus
2034 3252 2161 3308 sub·

291 3318 541 3374 (111-,0111111
576 3325 910 3378 vastatores.
987 3321 1127 3377 Odit
1160 3323 1319 3376 enim
1354 3323 1498 3376 deus
1534 3339 1766 3377 omnem
1798 3323 2161 3380 iniustitiam

292 3387 345 3512 ἓ)
396 3391 679 3519 ιὲᾱξιῴε
735 3408 1036 3463 amoenas,
1092 3394 1391 3448 iucundas.
1502 3391 1559 3459 4)
1611 3394 1774 3450 deest
1838 3395 2163 3462 germanica

322 3477 400 3529 xp
447 3479 509 3518 ca
561 3479 595 3517 o
698 3498 703 3502 ,
2102 3499 2106 3503 ·

455 3585 521 3690 ⁴·l·)
585 3624 742 3678 Deus
792 3625 987 3692 omnia
1036 3625 1208 3681 videt.
1319 3625 1414 3694 ††)
1468 3625 1676 3688 Modus
1729 3625 1793 3678 in
1851 3623 2160 3684 onerandis

293 3691 537 3749 subditis
572 3681 876 3750 tenendus.

369 3790 546 3833 Lutheri
575 3804 673 3843 opp
701 3796 868 3842 exeget.
924 3794 990 3835 Vo
991 3793 1019 3834 1.
1046 3792 1178 3834 XXV.
1766 3782 1838 3836 28
