2584 4267
910 293 1110 355 Amos
1153 291 1525 374 prophetae.
2028 285 2158 356 425

280 468 525 544 nubila,
573 468 701 532 hoo
745 474 844 533 ast
886 470 1058 533 bona
1099 475 1409 551 tempora,
1456 469 1599 550 ipso
1644 470 1895 534 volente
1942 479 2160 534 secun·

280 556 400 620 dae
449 564 605 620 aunt
649 580 749 620 roa
793 565 1066 635 nostrae,
1127 559 1382 622 volente
1440 577 1697 620 rursum
1755 558 2041 622 infelicia
2097 566 2161 622 et

280 648 545 708 turbata
589 648 757 708 fiunt
799 647 1019 710 omnia
1060 654 1178 710 etc.

877 818 1100 904 eaput
1143 818 1553 908 Quintum-1·

465 944 673 1012 Ξ11111111Ι
733 967 928 1030 supra
983 948 1053 1010 in
1106 947 1425 1030 principio
1481 949 1654 1012 tertii
1715 950 1943 1032 capitis
2000 948 2158 1027 dixi,

276 1036 629 1120 prophetas
677 1056 809 1100 non
853 1056 985 1098 uno
1037 1056 1208 1100 anno
1265 1037 1387 1100 hos
1442 1057 1593 1100 suos
1650 1037 1848 1102 libros
1891 1041 2159 1121 prophe·

276 1128 521 1188 tiaram
569 1124 701 1188 aira
749 1125 1128 1190 ooncionum
1173 1125 1540 1202 absolvisse,
1612 1125 1778 1190 sicut
1844 1147 1962 1190 nec
2029 1147 2161 1190 11110

276 1236 457 1276 anno
505 1216 725 1276 atatim
769 1214 990 1277 omnia
1031 1216 1520 1296 prophetarunt,
1576 1214 1670 1278 ita
1725 1221 1789 1278 et
1845 1216 1952 1278 hic
1998 1217 2161 1279 alius

276 1324 493 1364 sermo
565 1304 689 1364 alio
761 1323 929 1366 anno
985 1303 1247 1366 habitus
1292 1302 1556 1366 orditur.
1650 1302 1897 1366 Eadem
1944 1310 2161 1367 autem

276 1392 421 1452 eiua
469 1400 569 1456 eat
613 1391 931 1456 sententia
975 1410 1124 1454 cum
1168 1391 1507 1474 prioribus,
1569 1399 1635 1455 et
1676 1391 1748 1454 in
1792 1392 1968 1455 idem
2012 1393 2160 1454 reci·

276 1480 453 1544 dunt
501 1484 733 1556 omnia
784 1480 898 1544 sed
943 1480 1014 1543 in
1060 1481 1331 1562 singulis
1379 1479 1796 1544 concionibus
1856 1480 1996 1544 aliis
2042 1483 2161 1544 uti-

276 1576 388 1632 tur
437 1572 645 1632 vorbis
693 1553 757 1632 at
801 1569 942 1634 aliis
984 1570 1294 1650 loquendi
1338 1569 1569 1633 modis.
1662 1569 1944 1633 Omnino
1989 1570 2163 1632 enim

276 1656 433 1720 libri
513 1660 617 1720 isti
705 1660 1163 1740 prophetarum
1239 1657 1406 1721 nihil
1482 1657 1657 1722 aliud
1736 1665 1889 1722 sunt
1965 1678 2163 1738 quam

280 1748 645 1811 oonoionaa

352 1888 593 1952 Audito
641 1888 906 1950 verbum
951 1855 1145 1964 istud,
1194 1886 1353 1966 quia
1396 1906 1512 1966 ego
1558 1886 1701 1950 levo
1748 1906 1939 1967 super
1984 1907 2096 1950 vos

745 1977 1077 2056 planctum
1121 1975 1352 2039 domus
1396 1971 1699 2038 Israhel.*

469 2076 745 2144 Cecidit²
798 2082 976 2162 virgo
1019 2081 1264 2144 Israhel
1310 2088 1375 2145 et
1410 2102 1546 2144 non
1577 2080 1835 2165 adiiciet
1862 2086 1938 2142 ut
1968 2099 2164 2143 resur·

284 2180 417 2252 gat
513 2172 785 2244 Quando
825 2171 946 2234 ait:
995 2171 1164 2234 LeVo
1197 2189 1389 2252 super
1418 2190 1550 2246 vos,
1596 2168 2002 2232 hebraismus
2048 2175 2163 2245 est,

284 2260 569 2340 vulgaria
637 2260 705 2320 111
781 2259 1082 2321 omnibus
1109 2256 1489 2344 prophetis
1559 2252 1856 2338 quando⁸
1936 2263 2169 2322 vocant

284 2348 557 2412 verbum
605 2342 932 2409 domini⁴
941 2368 1104 2410 onus
1109 2351 1214 2429 ,††
1279 2341 1717 2411 ⁵annunciant
1772 2340 2158 2430 prophetae⁶

469 2506 525 2572 *J
565 2508 645 2560 sio
685 2511 773 2558 aar,
810 2457 1131 2570 legendum.

473 2630 525 2696 1]
561 2632 725 2684 {least
777 2633 984 2682 totum
1000 2635 1403 2695 argumentum
1438 2645 1502 2682 a:
1553 2630 1829 2694 †††Sicut
1883 2644 2057 2695 supra
2105 2629 2168 2681 in

288 2700 577 2768 111-1111111111]
613 2728 681 2740 —-
721 2699 1037 2756 conciones.
1121 2700 1383 2766 Legitur:
1430 2698 1593 2753 Sicut
1638 2715 1815 2765 supra
1859 2698 1999 2765 dixi,
2051 2714 2169 2752 non

292 2788 421 2824 ease
461 2772 879 2840 Prophetarum
916 2785 1209 2824 sermones
1246 2771 1565 2838 continuos,
1605 2769 1708 2824 sed
1733 2769 1959 2836 singula
1982 2769 2170 2835 capita

292 2844 553 2908 singulas
609 2860 737 2896 asae
794 2841 1100 2896 conciones
1144 2840 1389 2896 diversis
1435 2839 1793 2909 temporibus
1830 2840 2031 2906 dictas,
2087 2839 2170 2891 ita

288 2916 352 2964 ot
388 2912 485 2964 hio
525 2928 713 2968 aarmo
749 2927 933 2968 :novus
969 2917 1074 2980 est,
1126 2927 1459 2979 quanquam
1508 2911 1711 2965 eadem
1760 2910 1884 2964 eius
1922 2913 2011 2962 est
2048 2925 2171 2962 sen·

288 2984 477 3036 tentia
517 3000 649 3036 oum
685 2982 987 3052 prioribus,
1043 2986 1105 3036 et
1155 2983 1219 3036 in
1272 2983 1431 3037 idem
1484 2981 1749 3036 recidunt
1797 2980 2007 3047 omnia,
2053 2979 2169 3032 nisi

292 3056 445 3120 qaod
489 3056 617 3108 aliia
641 3056 822 3108 utitur
843 3054 1037 3108 verbis
1063 3057 1123 3108 et
1145 3053 1275 3107 aliis
1299 3053 1574 3121 loquendi
1597 3053 1810 3118 figuris.
1883 3050 1939 3118 2)
1976 3022 2168 3103 deest:

296 3124 525 3180 [Recidit
573 3156 638 3164 —
677 3125 911 3195 quando
945 3124 1042 3178 ait.
1114 3125 1424 3192 Incipitur:
1465 3124 1631 3188 Quod
1662 3123 1828 3176 dicit:
1865 3122 2019 3176 Levo
2044 3135 2168 3188 sqq.

292 3196 348 3264 3)
388 3196 585 3252 deest:
641 3191 885 3264 quando.
959 3195 1242 3262 Per-gitur.
1295 3195 1521 3248 Vocant
1565 3195 1724 3248 enim
1767 3191 2007 3255 yerbum
2044 3207 2170 3258 sqq.

292 3264 348 3334 4)
384 3268 665 3320 Additur:
709 3268 845 3320 Hm:
896 3267 969 3320 In
1015 3265 1352 3320 collectione
1394 3265 1546 3318 Iena
1598 3264 1805 3330 legitur
1840 3263 2018 3318 Masa.
2021 3264 2173 3330 ††††

292 3340 352 3392 111
372 3340 429 3388 Ἓ-
433 3340 585 3392 uitta
625 3340 845 3406 Maaan,
873 3352 1034 3390 onus.
1085 3332 1141 3403 5)
1177 3336 1327 3400 Quia
1350 3334 1709 3389 annunciant
1732 3350 1857 3402 sqq.
1904 3334 1959 3401 6)
1983 3334 2171 3390 deest:

320 3408 1397 3518 ι·Πίηῑι1111111111.Δ

477 3552 533 3616 ’1)
573 3552 641 3604 111
681 3548 1012 3604 collectione
1061 3546 1294 3602 Ienensi
1346 3548 1605 3616 sequitur
1650 3549 1953 3602 contextus
1997 3546 2175 3600 totius

336 3620 505 3688 apitia
533 3640 605 3676 aa
629 3620 860 3688 vulgata
883 3619 1152 3673 editione.
1206 3619 1290 3686 ††)
1315 3619 1529 3673 Vuitt.:
1568 3634 1729 3673 onus.
1785 3618 1918 3685 †††)
1944 3617 2178 3682 Singula

336 3692 493 3760 apita
529 3692 593 3744 111
629 3690 929 3760 prophetis
955 3690 1213 3756 singulae
1238 3691 1555 3744 conciones.
1629 3690 1794 3742 Idem
1828 3688 2003 3742 huius
2030 3686 2177 3755 capi-

328 3764 376 3816 is
417 3780 545 3816 oum
585 3764 870 3828 prioribus
907 3763 1325 3828 argumentum.
1397 3760 1568 3828 ††††)
1604 3761 1786 3814 Masa.
