2584 4267
969 269 1170 330 Amos
1215 267 1586 348 prophetae.
2087 265 2216 328 469

337 466 453 526 per
497 443 694 594 {dem
739 443 936 508 verbi.
1031 445 1116 507 Et
1173 443 1249 507 fit
1306 442 1540 506 deinde
1585 443 1761 526 quod
1804 442 1913 506 hic
1960 418 2219 506 subiicit

337 554 501 614 prop
553 540 672 597 eta.

461 710 545 770 Et
589 710 1164 776 commovebuntur
1209 730 1248 771 a
1291 709 1458 772 mari
1502 708 1709 790 usque
1756 709 1839 772 ad
1886 728 2079 785 mare,

517 834 661 896 Hoc
691 839 814 897 est:
863 835 1040 896 Hinc
1070 833 1223 896 inde
1255 841 1513 897 current
1542 834 1895 915 quaesituri
1926 835 2213 910 verbum,

337 930 405 986 et
469 942 597 986 nnn
654 923 1055 1002 invenient.†
1161 922 1240 984 Id
1311 923 1487 1004 quod
1548 943 1667 987 nos
1720 929 1870 986 ante
1940 923 2215 1003 promul-

337 1010 664 1090 gationem
711 1031 827 1091 per
873 1013 1144 1091 gratiam
1191 1010 1298 1073 dei
1328 1014 1597 1076 verbum
1628 1012 1775 1093 plus
1806 1013 1959 1075 satis
1992 1030 2217 1074 sumus

337 1100 605 1178 experti.
743 1101 917 1162 Hinc
1005 1101 1391 1175 „innumerae
1490 1101 1650 1163 istae
1750 1100 2217 1163 monachorum

337 1185 664 1266 secta-effi·
737 1189 907 1251 alius
979 1183 1224 1252 factus¹
1312 1195 1409 1252 est
1477 1189 1971 1265 Carthusianus,
2016 1185 2217 1251 'alius

337 1278 822 1353 FranciscanuS‚
872 1277 1034 1341 alius
1082 1277 1257 1340 aliud
1287 1277 1457 1341 vitae
1504 1298 1705 1358 genus
1735 1276 2037 1353 instituit,
2088 1297 2216 1356 quo

341 1386 405 1426 ss
457 1369 716 1446 putaret
753 1365 872 1428 deo
919 1366 1166 1447 placere
1183 1415 1197 1442 ‚
1259 1364 1372 1429 sed
1417 1366 1596 1429 nulla
1639 1365 1766 1429 fuit
1810 1365 2216 1439 conscientiis

337 1470 497 1534 pax,
565 1453 726 1516 alius
770 1455 1092 1517 Rhomam
1138 1454 1471 1519 cursitavit
1489 1505 1503 1532 ‚
1565 1455 1728 1517 alius
1776 1453 1859 1516 ad
1905 1453 2217 1517 Sanctum

337 1542 663 1603 Iacobum.
778 1537 1008 1623 Itaque
1075 1543 1209 1606 iam
1277 1545 1441 1624 grati
1509 1564 1646 1607 esse
1715 1543 2026 1606 debemus
2096 1544 2216 1606 deo

340 1625 624 1711 optimo2
678 1631 964 1694 maximo
979 1682 992 1709 ‚
1042 1638 1106 1696 et
1150 1633 1613 1715 inaestimabssi
1657 1634 1783 1695 isto
1830 1632 2001 1695 dono
2046 1639 2216 1695 recte

336 1719 454 1797 uti,
503 1739 586 1781 ne
631 1738 887 1782 rursum
933 1720 1146 1783 ablato
1193 1722 1275 1783 ab
1300 1722 1589 1800 ingratis,
1635 1723 1708 1783 in
1739 1721 2013 1803 maiores
2059 1719 2213 1782 inci·

337 1807 570 1870 damus
632 1827 896 1886 errores,
969 1828 1166 1890 quam
1233 1803 1563 1889 unquam³
1630 1815 1837 1872 antea.
1946 1810 2031 1872 Et
2100 1809 2215 1888 qui

335 1894 470 1957 iam
531 1896 860 1978 pascimur
904 1899 1140 1960 croceis
1157 1949 1170 1975 ‚
1234 1899 1697 1978 amplectamur
1750 1917 2007 1960 rursum
2066 1903 2212 1960 ster·

338 2002 504 2061 cora,
552 1991 631 2048 ut
671 1985 888 2065 inquit
915 1985 1401 2066 Hieremias-155⁴
1431 1988 1664 2049 Thren.
1701 1987 1761 2049 4.
1833 1986 2006 2059 Quid
2038 1986 2215 2048 enim

337 2066 488 2136 ante
555 2075 1036 2154 promulgatum
1102 2077 1236 2137 iam
1293 2095 1513 2138 rursus
1573 2075 1977 2156 evangelium
2039 2075 2216 2138 aliud

337 2161 610 2239 edimus,
661 2182 859 2242 quam
890 2171 1133 2227 stercus
1165 2183 1371 2245 papae
1386 2165 1417 2225 ⁶?
1463 2162 1659 2244 idque
1692 2183 1842 2227 cum
1873 2162 2215 2244 dispendio

335 2270 552 2312 rerum
597 2256 662 2314 et
707 2251 979 2315 animae.
1052 2253 1183 2314 Nos
1230 2259 1449 2315 autem
1478 2251 1883 2334 ingratiffld·
1914 2271 2138 2314 sumus
2154 2245 2209 2323 3⁴

337 2338 663 2420 principes
731 2346 1010 2421 pergunt
1096 2361 1235 2404 esse
1327 2340 1543 2404 Midae
1572 2391 1585 2418 ‚
1680 2358 1959 2422 quorum
2049 2345 2220 2402 esset

337 2426 672 2490 doctorum
715 2428 1059 2491 hominum
1105 2429 1322 2493 studia
1368 2430 1641 2493 excitare
1689 2437 1753 2494 et
1798 2431 1981 2506 alere,
1986 2426 2021 2463 ’¹‘
2063 2422 2208 2490 hic⁵

337 2516 621 2595 egregios
712 2523 1010 2598 sumptus
1100 2518 1307 2582 facere
1389 2519 1723 2595 deberent,
1807 2524 1881 2581 ut
1946 2517 2216 2583 verbum

339 2608 406 2665 et
449 2609 621 2666 recta
666 2605 882 2668 studia
924 2607 1179 2687 copiose
1226 2604 1631 2682 docerentur,
1688 2607 1801 2708 qui
1847 2607 1980 2669 iam
2027 2612 2217 2678 antea

337 2693 647 2755 sathanae
693 2694 1006 2758 ministris
1051 2695 1439 2757 immensam
1492 2695 1824 2775 pecuniae
1849 2695 1983 2758 vim
2030 2695 2215 2757 dede-

517 2883 569 2952 *>
607 2883 937 2954 principum
973 2885 1239 2940 officium.

519 3078 574 3146 1)
602 3080 794 3133 deest:
822 3081 1024 3135 factus.
1081 3081 1138 3148 2)
1165 3082 1351 3136 deest·
1379 3082 1614 3150 optimc,
1640 3081 1909 3134 maximo,
1948 3079 2006 3148 3>
2027 3080 2213 3136 deest

293 3212 297 3215 ,
333 3162 608 3216 unquam.
681 3148 740 3217 4)
779 3150 966 3206 deest.
1013 3153 1303 3220 principes
1342 3182 1407 3190 —
1449 3151 1760 3206 doctorum.
1842 3151 2105 3218 Legitur.
2158 3158 2216 3208 et

335 3220 660 3289 principes,
717 3222 1024 3290 praecipue
1079 3228 1272 3277 autem
1327 3223 1601 3292 episcopi,
1664 3222 1875 3290 quibus
1944 3221 2215 3278 ecclesiae

333 3263 740 3357 provehendae
796 3309 931 3346 cura
983 3294 1292 3363 incumbit,
1352 3310 1512 3348 sacra
1563 3294 1755 3348 studia
1798 3293 1949 3346 nihil
1996 3298 2213 3348 curant.

337 3361 487 3423 Cum
523 3362 682 3417 enim
719 3362 997 3417 deberent
1034 3365 1329 3419 doctorum
1366 3381 1491 3433 sqq.
1567 3365 1623 3441 5)
1662 3368 1720 3418 et
1756 3365 2010 3432 egregios
2048 3365 2110 3418 in
2148 3380 2217 3418 ea

333 3430 395 3486 re
436 3436 705 3500 sumptus
743 3434 946 3504 facere,
984 3439 1051 3488 ut
1088 3452 1211 3517 sqq.

514 3593 572 3662 †)
611 3594 905 3648 Tenebrae
941 3599 1001 3649 et
1036 3595 1304 3649 miseriae
1342 3596 1570 3650 sublato
1605 3594 1796 3652 verbo.
1869 3594 1965 3664 ††)
2000 3595 2211 3650 Vuitta

334 3663 531 3717 Sectae
581 3667 1009 3725 monachorum.
1082 3665 1212 3734 †††)
1247 3667 1589 3752 Hieremias.
1663 3666 1831 3737 ††††)
1869 3668 1923 3721 V
1924 3667 2214 3722 uitt.·1n-

333 3734 628 3800 gratitudo
662 3752 769 3804 pro
804 3737 981 3792 verbo
1017 3738 1282 3792 revelato.
