2584 4267
561 304 665 384 Caput
687 309 839 383 quartum

556 481 679 544 Vaccae
702 480 848 561 pingues.

323 605 362 668 Id
385 612 434 669 est
456 604 570 669 divites
594 609 627 667 et
641 609 788 686 potentes
803 603 839 665 in
854 603 974 685 populo
990 599 1179 680 mulieres,¹

233 715 316 776 quae
346 714 458 758 caussa
488 693 564 757 estis
594 693 770 774 impietatis
799 693 877 755 viris
907 693 1029 756 vestris.
1083 694 1183 756 inex-

234 784 361 865 plebilis
385 790 433 846 est
454 788 560 848 restra
583 782 726 858 avaritia,
750 781 859 846 nullus
883 786 931 844 est
946 781 1063 844 modus
1079 782 1185 845 luxus

235 879 267 935 et
289 891 427 953 pompae
449 876 581 934 vestrae.
622 864 713 950 (Est²
733 871 821 932 enim
836 876 953 934 natura
966 870 1044 932 huic
1067 872 1186 950 generi

233 960 370 1023 insitum
391 966 429 1022 ut
450 959 538 1022 hisce
561 958 656 1021 rebus
681 960 723 1022 sit
745 959 901 1035 deditum,
927 959 990 1021 nisi
1007 960 1186 1022 accesserit

233 1047 353 1126 timor).
401 1049 443 1112 llt
464 1049 526 1111 hoc
549 1053 597 1111 est
620 1048 709 1129 quod
732 1047 877 1110 subiicit:

441 1262 530 1346 Quae
553 1261 661 1324 dicitis
684 1259 823 1323 dominis
847 1250 967 1324 vestris.

324 1379 419 1448 viris³
446 1385 569 1449 vestris.

591 1563 637 1625 Ut
659 1562 819 1625 bibamus.

326 1686 454 1750 Rectius
477 1687 654 1769 epulemur,
678 1680 733 1749 ut4
758 1686 845 1750 laute
860 1687 1005 1750 vivamus
1021 1693 1053 1750 et
1076 1687 1189 1768 splen-

237 1775 322 1852 dide,
347 1776 424 1856 quia
447 1795 522 1856 ergo
545 1776 607 1838 hoc
629 1794 734 1839 unum
757 1775 939 1855 quaeritis..
960 1775 1040 1838 Ideo
1062 1775 1191 1840 iuravit
1272 1773 1280 1856 l

238 1865 390 1928 dominus
421 1885 479 1946 per
508 1870 658 1928 sanctum
686 1884 782 1927 suum
810 1864 861 1927 vel
888 1883 946 1945 per
974 1864 1192 1928 sanctitatem
1275 1859 1280 1936 l

237 1973 346 2030 suam,
374 1954 590 2017 adducturum
613 1973 646 2016 se
671 1951 767 2034 super
789 1973 845 2018 vos
868 1972 976 2032 regem
998 1953 1189 2034 Assyrium,
1275 1938 1280 1996 ⁴

237 2043 291 2105 cui
306 2035 443 2124 praeda⁵
463 2043 560 2118 eritis,
586 2042 642 2123 qui
662 2042 818 2106 mactabit
832 2062 889 2105 vos
903 2041 1041 2129 pingues
1055 2061 1188 2105 vaccas.
1275 2011 1280 2112 l

430 2254 557 2335 Quique
580 2256 615 2317 in
639 2255 742 2319 contis
764 2276 822 2319 vos
845 2254 994 2336 portabit.
1267 2128 1280 2324 1

328 2378 450 2441 Iterum
465 2379 602 2441 rusticae
619 2385 696 2443 sunt
711 2379 971 2458 similitudines,†
993 2399 1025 2459 q.
1042 2378 1074 2441 d.
1099 2378 1193 2442 sicut

239 2471 395 2529 mactatas
423 2485 534 2528 carnes
564 2467 678 2530 affixas
709 2467 836 2550 cuspidi
859 2474 916 2532 aut
936 2467 1053 2531 baculo
1076 2487 1191 2550 aspor-
1278 2533 1280 2544 ,

239 2561 306 2617 tare
341 2554 495 2630 solemus,
531 2554 577 2617 ita
611 2562 643 2619 et
676 2556 730 2618 ille
764 2577 820 2621 vos
853 2557 1032 2638 asportabit
1063 2556 1193 2620 misera
1274 2545 1280 2700 1

238 2642 433 2725 captivitate.
1060 2660 1069 2673 ·

528 2803 571 2868 llt
593 2805 743 2886 reliquias
766 2812 896 2870 vestras.

330 2926 476 2991 Rectius:
509 2928 671 3009 reliquum
693 2936 849 3007 vestrum,
879 2935 1044 3011 postrema
1065 2936 1189 3006 vestra,

240 3015 359 3086 idest:
390 3015 538 3094 domum,
571 3017 654 3080 filios
678 3025 711 3082 et
733 3019 829 3095 filias,
862 3037 937 3081 cum
967 3018 1085 3100 quibus
1113 3019 1192 3080 iam

241 3104 375 3206 delicate
404 3105 527 3181 vivitis,
557 3105 637 3170 istos
667 3107 765 3170 etiam
792 3107 970 3189 asportabit
1002 3127 1059 3170 rex
1084 3109 1189 3188 Assy-

240 3212 369 3255 riorum.
755 3210 757 3214 ‘

314 3401 341 3468 1)
361 3401 455 3457 deest:
482 3403 626 3458 mulieres.
664 3403 795 3470 Legitur:
819 3406 870 3473 qui
888 3421 976 3460 causa
993 3404 1066 3460 estis
1083 3405 1139 3472 im1

241 3472 311 3526 tatis
338 3473 449 3540 reliquo
475 3475 589 3543 populo.
634 3473 662 3542 2)
687 3475 782 3530 deest:
810 3477 864 3530 Est
890 3477 971 3530 enim
997 3506 1030 3516 —
1056 3476 1139 3530 subii

242 3542 271 3611 3)
290 3543 386 3597 deest:
412 3544 483 3598 viris
501 3546 613 3601 vestris.
652 3545 781 3611 Legitur:
805 3547 836 3600 id
861 3551 918 3615 est,
944 3549 982 3602 iis
1007 3547 1057 3615 qui
1082 3547 1135 3602 fou

242 3619 355 3670 vestros
373 3614 478 3683 impios
498 3617 599 3686 cultus,
618 3632 727 3684 vosque
746 3618 848 3672 ditant.
884 3617 913 3685 4)
932 3623 969 3672 et.
1001 3618 1030 3685 5)
1048 3618 1135 3685 praed

331 3774 361 3840 †)
380 3775 498 3828 Rustica
517 3775 683 3831 similitudo,
