2584 4267
619 218 624 251 1

397 304 495 367 Joelis
518 305 702 385 prophetae.
911 334 914 338 ·
954 309 1018 371 209

101 481 216 544 ecclesia
236 481 391 560 insignita
413 488 469 544 est.
510 480 622 546 uultus
645 489 753 545 autem
776 483 907 546 fuerunt
929 485 1017 561 tales,

101 571 148 650 qui
167 569 391 633 adumbrarent
406 569 569 636 Christum
589 577 622 634 et
643 569 793 635 docerent
815 572 855 636 de
878 571 943 634 filio
966 572 1019 636 dei

99 659 253 721 mactando
275 678 334 739 pro
357 658 496 739 peccatis
523 658 652 735 mundi,
684 665 721 722 ut
749 659 811 722 hoo
838 661 1018 740 spectaculo

100 747 225 827 quotidie
248 747 349 810 oculis
362 746 569 824 observante,
594 747 695 810 animi
714 747 962 812 admonerentur
978 749 1018 812 de

98 836 192 899 futura
211 835 412 913 liberatione,
441 837 545 899 donec
566 836 744 899 secundum
773 838 1018 918 promissionem

98 924 294 987 exhiberetur,
340 925 516 1006 Postquam
539 930 648 988 autem
671 924 815 989 Christus
839 945 897 988 sua
915 933 1018 990 morte

96 1011 305 1094 propeccatis
334 1013 502 1090 satisfecit,
533 1020 566 1078 ct
594 1032 731 1094 regnum
760 1013 823 1076 sibi
852 1015 1018 1079 constituit

95 1121 144 1182 per
163 1102 357 1182 evangelion,
380 1101 523 1166 Mosaios
536 1102 593 1164 illa
607 1100 717 1166 omnia
731 1108 888 1183 tanquam
903 1104 1018 1166 umbra

95 1190 232 1271 abrogata
253 1197 340 1254 sunt.

170 1279 220 1342 Ad
235 1276 325 1342 hunc
339 1280 475 1342 modum
489 1279 579 1344 vides
594 1281 630 1343 in
645 1281 779 1344 ecclesia
793 1279 855 1357 dei,
872 1281 959 1360 quod
975 1281 1017 1344 ad

94 1374 245 1431 externam
256 1369 396 1432 formam
407 1369 531 1445 attinet,
548 1369 766 1433 diversitatem
778 1368 929 1450 aliquam.
954 1370 1017 1433 Sed

93 1455 162 1519 fides
183 1463 213 1520 et
235 1457 381 1520 docmina
402 1477 529 1538 semper
543 1457 607 1521 fuit
621 1459 743 1521 eadem.
789 1458 901 1521 Animi
915 1459 1015 1523 111111·

93 1545 197 1608 bantur
223 1546 471 1628 promissionem
500 1546 540 1609 de
570 1547 706 1624 semine,
742 1553 775 1610 et
804 1549 1017 1629 expectabant

94 1635 235 1714 serpentis
250 1635 501 1717 oppressionem,
525 1637 650 1716 quoties
665 1635 781 1712 Adam,
806 1636 892 1713 Seth,
912 1637 1014 1714 Noah,

93 1722 243 1786 Abraham
264 1723 349 1805 lapsi
370 1730 460 1801 sunt,
484 1731 684 1804 agnoverunt
705 1725 765 1787 hos
793 1744 862 1787 esse
891 1744 1016 1789 morsus

94 1812 234 1892 serpentis
250 1812 390 1889 laetales,
414 1813 503 1876 nullo
517 1814 663 1876 humano
678 1811 818 1876 remedio
834 1814 1015 1878 sananbiles

95 1897 288 1980 [siclllgitur
298 1901 464 1965 humiliter
474 1902 662 1966 confitentes
674 1901 1014 1986 cordisimpuritatem,
1091 1896 1093 1900 ’

93 1994 120 2050 11
138 1987 268 2052 Satanae
295 2010 333 2054 ac
355 1991 460 2057 cauria
485 1984 665 2073 potentiam
687 1989 851 2066 iniustam
875 1997 958 2054 totos
982 2011 1015 2054 se

92 2076 254 2143 reiecemnt
274 2079 311 2141 in
324 2082 444 2142 'semen
466 2079 677 2161 promissum,
705 2098 763 2161 per
789 2078 824 2141 id
847 2087 1015 2160 sperarunt

92 2167 298 2230 remissionem
321 2174 524 2249 peccatorum
547 2168 880 2249 etgubernationem.
926 2169 1016 2232 Haec

93 2252 159 2317 fides
179 2260 246 2318 nori
275 2256 339 2319 fuit
365 2257 493 2320 frustra.
539 2258 600 2320 Per
628 2256 792 2320 Christum
821 2257 909 2319 enim
937 2257 1014 2321 obti·
1107 2272 1112 2279 ’

92 2351 218 2408 11111111
231 2345 456 2409 remissionem
470 2352 675 2427 peccatorum
690 2352 723 2408 et
737 2366 755 2409 a
768 2345 883 2427 spiritu
894 2351 1013 2424 sancto,

92 2432 139 2510 qui
164 2440 293 2516 propter
319 2433 484 2498 Christum
512 2435 558 2498 eis
588 2434 726 2498 donatus
754 2440 815 2510 est,
846 2435 1015 2515 gubernati

92 2528 155 2583 suut
174 2542 231 2603 per
253 2523 339 2585 hanc
360 2524 471 2600 vitam,
496 2523 599 2586 donec
620 2543 660 2585 ex
682 2524 744 2586 hoe
766 2523 888 2586 mundo
908 2543 1013 2590 evoca-

92 2615 194 2672 rentur.
240 2611 475 2695 Prophetarum
498 2618 607 2676 autem
628 2613 691 2674 hoo
712 2611 928 2676 ministerium
952 2612 1015 2676 fuit

91 2698 234 2762 vaticiniis
263 2701 350 2764 hanc
378 2701 477 2764 fidem
510 2699 648 2763 subinde
684 2700 766 2762 alere
800 2707 833 2762 11
866 2701 907 2763 ad
942 2721 1015 2763 eam

91 2784 209 2852 invitare
232 2789 350 2871 plures.
396 2790 480 2852 Nam
503 2788 590 2869 quod
608 2788 869 2869 repraehendunt
883 2795 1015 2868 peccata

92 2875 132 2936 sui
158 2878 284 2960 populi,
315 2877 402 2959 quod
428 2878 595 2941 minantur
623 2896 758 2959 poenas,
789 2875 876 2956 quod
903 2877 1013 2938 exhor·

91 2967 185 3029 tantm
207 2967 250 3030 ad
272 2967 514 3048 poenitentiam,
537 2966 615 3030 inde
630 2965 738 3048 potius
754 2965 898 3029 doctores
914 2985 1013 3046 quam

91 3055 250 3134 prophetae
285 3056 471 3138 appellandi
504 3062 590 3119 sunt.
651 3055 792 3118 Pertinet
825 3060 933 3118 autem
972 3054 1014 3116 ad

92 3139 208 3217 gloriam
231 3149 265 3208 et
286 3144 465 3208 bonitatem
488 3144 541 3207 dei
562 3146 624 3208 hoc
638 3143 811 3226 praecipue
826 3143 913 3224 quod
928 3146 1014 3207 hanc

92 3227 123 3290 de
149 3231 273 3296 Christo
306 3232 412 3296 lucem
446 3233 584 3297 subinde
617 3231 765 3296 accendit
797 3252 854 3314 per
888 3239 1014 3296 sanctos

91 3321 248 3393 prophetas
276 3326 373 3402 atque
400 3322 567 3385 ecclesiam
595 3318 658 3385 hoc
687 3322 784 3384 modo
814 3322 1014 3386 confirmavit

92 3426 96 3457 ¹
155 3410 221 3473 1111.
260 3409 351 3473 Haec
366 3411 454 3473 enim
467 3410 527 3473 lux
541 3410 683 3474 ostendit
697 3411 807 3487 vitam,
824 3416 857 3473 11
876 3411 1013 3474 salutem

91 3513 96 3550 =
155 3517 246 3561 nam.
301 3497 365 3562 Sed
394 3499 564 3562 audiamus
592 3499 822 3579 evangelistam
855 3507 1011 3563 nostrum.

186 3673 235 3738 Et
261 3674 352 3738 filii
373 3676 474 3740 Zion
503 3677 695 3740 exultate
727 3683 765 3740 et
792 3675 1013 3740 laetamini

197 3763 363 3826 domino
402 3765 474 3828 deo
512 3771 666 3843 vestro,
705 3765 900 3846 quoniam
943 3763 1013 3824 dat

173 3877 202 3916 eri
216 3887 265 3926 opp.
279 3881 365 3926 exegel.
391 3878 439 3917 Vol.
452 3877 518 3918 XXV.
819 3865 853 3919 14
