2584 4267
377 318 413 378 in
435 318 562 381 Ioelem.
611 318 687 400 Cap.
711 319 736 379 I.
963 323 1029 385 143
1212 306 1246 372 .‘

93 495 246 561 uitionem
268 494 310 560 ad
332 514 445 561 omnes
468 502 592 575 gentes,
623 502 661 559 ut
682 495 825 559 volentes
852 497 933 560 colla
955 499 1028 561 sub·

92 584 218 647 mittant
233 584 409 663 evangelio.
444 584 606 647 Futurum
621 584 717 660 enim,
738 591 776 647 ut
791 583 848 665 qui
863 588 1030 666 evangelio

93 692 152 737 non
174 671 321 749 credunt,
346 671 542 736 damnentur
563 673 598 735 in
622 679 797 736 aeternum.

171 756 282 824 Haec1
311 780 439 823 summa
461 758 655 827 concionum
676 762 770 825 Ioelis
785 768 847 838 est,
875 782 935 827 neo
948 764 1028 829 levis

92 850 118 912 ei
137 850 311 915 auctoritas
333 850 410 913 inde
433 851 574 926 accessit,
599 850 686 930 quod
703 851 739 913 in
753 850 829 914 novi
842 854 1029 917 testamenti

91 938 188 1019 prima
210 938 367 1003 concione
390 938 430 1001 de
454 938 571 1003 Christi
594 939 662 1002 filio
684 938 738 1002 dei
759 958 854 1020 passo
876 946 910 1004 et
926 960 1026 1004 resus-

91 1026 192 1103 citato,
210 1084 213 1087 .
232 1027 332 1090 huius
373 1028 548 1108 prophetae
581 1027 767 1091 testimonio
799 1028 912 1091 Petrus
948 1049 1034 1093 usus·

91 1122 146 1191 est,
175 1122 290 1179 contra
311 1116 486 1197 impiorum
512 1115 629 1197 impias
657 1116 849 1192 caluminas,
879 1117 1025 1199 blasphe-

90 1210 207 1268 mantes
239 1205 374 1285 spiritus
408 1205 510 1269 sancti
544 1204 732 1271 admirabile
767 1224 859 1286 opus.
912 1205 1028 1269 Merito

90 1293 178 1371 igitur
192 1293 256 1357 has
272 1312 403 1373 quoque
417 1294 585 1357 conciones
601 1293 809 1374 explicandas
821 1294 1026 1375 suscipimus,

92 1387 152 1444 tam
173 1381 216 1443 ad
239 1388 353 1445 nostra
375 1388 520 1463 tempora
541 1388 643 1463 aptas,
669 1402 706 1445 ao
721 1382 763 1445 ad
779 1382 916 1447 afflictas
931 1385 1025 1447 eccle·

93 1469 147 1532 sias
173 1469 389 1535 consolandas
416 1471 620 1535 necessarius.
670 1472 771 1536 Filius
801 1469 867 1549 dei,
897 1473 954 1552 qui
983 1472 1026 1535 ad

92 1557 231 1622 dextram
256 1559 358 1641 patris
381 1559 479 1635 sedet,
503 1580 563 1622 nos
578 1578 706 1640 quoque
721 1560 837 1641 spiritu
852 1579 910 1623 suo
926 1568 1024 1642 regat,

92 1652 123 1711 ut
135 1646 284 1712 dicamus
298 1647 400 1723 utilia,
425 1655 458 1711 et
471 1648 647 1712 multorum
663 1649 764 1713 animi
778 1648 913 1711 lectione
927 1650 1026 1712 huius

92 1737 261 1817 prophetae
284 1736 326 1800 ad
348 1736 498 1799 timorem
521 1737 574 1799 dei
596 1738 788 1813 excitentur,
820 1756 943 1820 nosque
973 1739 1026 1802 his

92 1824 206 1899 miseris
241 1826 445 1906 temporibus
485 1825 689 1906 experiamur
718 1825 817 1887 deum
849 1845 922 1888 vere
956 1845 1025 1889 esse

93 1912 263 1993 benignum
294 1920 327 1976 et
354 1913 605 1991 misericordem,
637 1914 815 1995 patientem
843 1920 875 1977 et
904 1914 1025 1977 multae

93 2000 330 2078 misericordiae,
347 2008 379 2065 et
394 2022 492 2082 quem
506 2003 671 2085 poeniteat
684 2002 772 2078 mali,
793 2002 881 2081 quod
896 2008 1027 2083 propter

92 2097 213 2169 peccata
235 2096 348 2155 nostra
370 2092 410 2153 de
433 2092 527 2157 nobis
550 2091 709 2171 cogitavit.
762 2090 895 2162 AMEN.

404 2280 516 2366 caput
537 2280 725 2366 primum.²

192 2409 368 2473 Verbum
391 2409 553 2487 domini,
578 2410 685 2490 quod
708 2410 860 2476 factum
887 2418 950 2475 est
977 2412 1023 2475 ad

128 2498 226 2575 Ioel,
253 2498 384 2560 filium
406 2498 536 2561 Pethu
558 2498 613 2562 El.

148 2586 220 2649 Hoc
254 2586 412 2651 usitatum
445 2581 629 2669 prophetis³
667 2586 835 2652 exordium
869 2596 930 2666 est,
966 2590 1023 2653 sed

93 2678 249 2754 augistius
298 2675 408 2755 longe,
461 2696 560 2757 quam
612 2677 717 2757 prima
768 2678 874 2740 fronte
927 2698 1022 2759 appa-

92 2770 159 2842 reat,
183 2762 273 2846 quod
295 2784 364 2845 non
385 2784 459 2827 suas
482 2764 700 2846 cogitationes,
724 2785 791 2827 non
805 2766 938 2828 consilia
953 2785 1021 2843 sua,

93 2852 141 2920 sed
166 2853 219 2917 dei
246 2854 382 2927 verbum
413 2854 564 2930 afferunt,
596 2852 684 2934 quod
715 2853 866 2916 dominus
895 2854 1022 2917 locutus

94 2946 145 3018 est,
171 2962 231 3007 neo
255 2942 322 3005 uila
344 2942 466 3005 ratione
496 2942 647 3025 impediri
676 2941 878 3005 autmutari
905 2948 1021 3023 potest.

93 3028 171 3093 Plato
192 3030 329 3099 Homeri
351 3050 480 3093 versum
503 3032 662 3111 eleganter
685 3030 875 3113 amplificat,
898 3030 934 3093 in
957 3051 1022 3111 quo

93 3116 192 3183 Minoa
214 3119 416 3181 Cretensium
438 3120 651 3200 legislatorem
673 3126 775 3196 vocat,
799 3112 947 3204 ὀαρισηῑν
965 3114 1022 3183 τοῦ

94 3200 161 3284 retr,
186 3208 367 3271 auditorem
388 3208 483 3272 lovis.
530 3207 593 3271 Sed
622 3209 685 3271 hoc
712 3228 833 3271 nomen
862 3229 921 3271 nos
951 3230 1020 3291 pro-

94 3295 188 3373 phetis
211 3297 326 3361 meritc
349 3302 382 3359 et
403 3316 475 3360 vere
498 3297 681 3360 tribuimus.
730 3292 822 3360 4Non
844 3298 932 3359 enim
948 3300 1020 3361 affe·

40 3428 41 3432 ,
151 3390 160 3446 t
181 3406 201 3447 a
222 3406 257 3449 se
279 3384 474 3465 excogitatas
498 3386 681 3463 sententiaa,
695 3398 789 3467 'quae
812 3406 852 3447 ex
874 3387 945 3467 ipso
960 3388 1021 3451 deo

173 3577 200 3644 1)
223 3578 269 3631 ed.
298 3576 418 3631 &lant
449 3577 509 3632 1001
540 3579 643 3632 citatus
674 3580 705 3632 in
732 3595 807 3634 novo
837 3582 1018 3634 testamento.

153 3672 171 3699 ,;
197 3649 260 3703 Joel
284 3649 317 3703 in
340 3665 416 3705 novo
441 3653 614 3705 testamento
638 3649 751 3706 citatus.
788 3649 817 3716 2)
834 3650 917 3704 deest
940 3649 1018 3703 1547.

153 3720 291 3787 rophetae
310 3737 346 3775 ex
364 3721 469 3789 spiritu
488 3722 534 3776 dei
552 3721 754 3777 vaticinentur.
791 3719 820 3787 4)
839 3722 883 3775 ed.
897 3720 921 3773 <t
933 3719 1019 3773 Witt:

160 3790 254 3845 betica
272 3792 408 3848 doctrina.
