2584 4267
437 289 536 353 Amos
559 290 744 372 prophetae.
858 260 862 263 μ
936 309 944 324 ·
995 289 1059 354 389

122 474 237 533 verunt
258 485 389 549 peccare
412 473 522 530 contra
544 487 606 545 me,
631 467 710 548 quia
731 487 799 531 non
814 473 981 531 cessarunt
1002 487 1061 531 nee

122 555 283 639 poenituit
312 574 382 619 -eos
416 555 592 638 impietatis
630 556 687 621 sed
723 557 845 637 insigni
883 557 1062 620 obstinacia

122 651 331 728 perrexerunt
352 644 451 726 impie
475 664 577 725 agere,
600 645 674 710 ideo
697 646 827 727 penitus
849 664 903 712 eos
927 644 1061 727 perdam

123 740 154 798 et
181 733 325 797 abolebo.
379 733 470 798 Haeo
496 753 626 815 prorsus
654 754 727 797 mea
754 739 804 798 est
832 734 992 799 sententia
1020 733 1061 801 de

122 823 286 900 hocloco,
309 841 370 886 nec
392 822 486 887 video
508 823 683 888 meliorem.

283 1000 330 1062 Eo
353 1000 441 1080 quod
463 999 659 1065 trituraverit
681 999 718 1064 in
738 1000 900 1082 plaustris.
972 975 975 981 ¹

210 1123 367 1187 Recenset
381 1124 502 1188 scelera
516 1124 583 1189 sive
599 1125 884 1206 praevaricationes
899 1125 1061 1202 Damasei,

123 1233 151 1292 q.
176 1211 225 1274 d.:
262 1211 419 1276 Contrivit
451 1231 489 1276 ac
522 1213 714 1277 comminuit
741 1219 774 1277 et
799 1214 899 1277 veluti
927 1215 963 1276 in
993 1215 1060 1294 pul-

123 1321 230 1365 verem
253 1301 375 1380 redegit
396 1302 481 1365 hano
504 1307 622 1365 terram
645 1301 768 1378 Gilead,
796 1303 947 1367 contrivit
968 1303 1063 1383 quasi

122 1390 215 1471 palea
248 1390 284 1452 in
318 1409 391 1453 area
419 1391 501 1454 solet
530 1390 661 1454 conteri.
708 1391 767 1454 Est
796 1398 903 1455 autem
927 1390 1063 1473 Giiead†

123 1479 156 1542 in
178 1477 267 1541 tribu
291 1477 427 1542 dimidia
449 1474 647 1543 Manassae.¹

445 1657 738 1754 Non'convertam.

211 1763 284 1827 Hoc
307 1762 348 1826 ad
371 1763 610 1842 conversionem
633 1764 849 1847 poenitentiae
875 1764 1061 1840 retulerunt,

74 1913 77 1915 ,
123 1851 156 1914 id
179 1853 269 1933 quod
292 1852 374 1914 mihi
396 1872 462 1916 non
484 1853 646 1934 probatur,
671 1845 830 1917 sed'haeo
845 1852 971 1916 videtur
993 1872 1063 1915 esse

125 1941 341 2022 sententia††:
374 1962 441 2004 non
466 1935 629 2006 liberabo²
663 1962 719 2007 vos
749 1961 769 2004 a
797 1961 898 2004 mauu
927 1941 1061 2022 Assyrii,

123 2051 189 2093 non
212 2030 360 2093 minuam
383 2050 521 2112 poenam
544 2051 604 2094 nec
626 2038 782 2107 avertam,
807 2050 912 2110 neque
935 2030 1062 2093 misere-

123 2119 181 2184 bor
204 2120 311 2196 vestri,
336 2119 441 2182 sinam
464 2113 653 2201 Assyrium³
679 2119 716 2183 in
738 2139 794 2183 vos
817 2119 947 2195 saevire,
980 2119 1064 2181 sicut

123 2229 178 2272 vos
225 2208 409 2289 perrexistis
454 2208 618 2274 devastare
664 2208 778 2272 Gilead
812 2213 871 2272 etc.
929 2208 972 2270 Et
1016 2206 1063 2269 sic

123 2291 240 2360 huius4
267 2297 356 2361 verbi
384 2297 506 2378 passim
535 2297 571 2368 in
593 2297 727 2378 psalmis
749 2297 872 2360 multus
895 2302 944 2359 est
965 2315 1060 2359 usus:

125 2511 199 2576 cata,
223 2507 255 2561 id
273 2511 329 2562 est:
355 2511 472 2576 propter
490 2511 651 2563 extremam
669 2513 698 2562 et
716 2524 860 2563 summam
882 2508 1065 2576 impietatem

124 2579 245 2645 perdam
263 2586 319 2632 eos.
357 2579 400 2632 Ea
418 2582 515 2632 autern
532 2583 590 2648 est,
614 2580 693 2647 quod
715 2580 859 2634 obstinate
877 2582 1064 2647 perseverant

124 2665 243 2716 peceare
262 2653 361 2703 contra
385 2649 483 2718 deum,
508 2650 585 2718 quod
607 2666 667 2704 non
690 2654 805 2704 cessant
827 2665 880 2703 nec
902 2649 1063 2718 poenitent,

125 2720 175 2774 sed
203 2720 312 2788 insigni
343 2717 500 2775 obstinatia
529 2723 653 2789 pergrmt
682 2719 771 2786 impie
798 2732 889 2784 agere.
935 2720 1065 2787 Apparet

125 2795 223 2845 autem
245 2792 321 2845 hanc
346 2791 468 2858 figuram
494 2791 563 2846 inde
591 2794 751 2859 sumptam,
779 2789 856 2856 quod
882 2788 1065 2856 septenarius

125 2877 263 2916 numerus
287 2863 320 2916 in
344 2863 486 2930 scriptura
511 2862 660 2917 absolutus
684 2865 715 2915 et
739 2859 908 2928 principalis
926 2875 1065 2915 numerus

126 2936 178 3003 est,
197 2936 265 3000 post
282 2949 369 3000 quern
386 2933 494 2988 iterum
511 2934 654 3002 incipiunt
671 2939 838 2986 numerare:
857 2931 932 2985 sicut
944 2935 1064 2999 apparet

126 3003 156 3056 in
175 3003 287 3058 ratione
306 3004 430 3074 dierum,
455 3021 598 3059 annorum
615 3007 669 3058 ete.
705 3004 773 3057 Tria
789 3002 877 3069 igitur
895 3005 924 3055 et
942 3005 1065 3069 quatuor

126 3079 243 3142 peccata
262 3079 330 3130 sunt
348 3080 510 3131 extremum
528 3079 691 3144 peccatum,
715 3075 793 3143 quod
815 3090 875 3128 non
893 3072 1079 3140 agnoscitur„

127 3145 178 3200 sed
201 3146 234 3199 in
259 3162 316 3216 quo
334 3147 417 3215 impii
435 3151 559 3215 pergunt
577 3151 606 3200 et
623 3146 789 3214 gloriantur,
812 3148 953 3212 tanquam
977 3143 1009 3196 in
1033 3157 1064 3195 re

128 3220 237 3271 sancta.
275 3217 368 3282 Quare
387 3215 426 3271 id'
436 3233 496 3272 non
515 3218 607 3272 solum
625 3233 685 3272 non
701 3217 853 3286 patiuntur
871 3215 951 3282 argui
973 3219 1003 3267 et
1025 3228 1065 3266 re·

127 3288 278 3357 prehendi,
297 3289 349 3342 sed
367 3287 528 3343 defendunt
546 3288 745 3357 persequendo
763 3287 913 3342 eeclesiam
924 3301 1023 3342 veram
1036 3288 1066 3338 et

128 3371 210 3414 veros
228 3359 384 3414 ministros.
421 3360 501 3414 Haec
520 3375 582 3428 sqq.

220 3428 246 3498 l)
266 3430 411 3485 Manasse.
442 3430 471 3498 2)
490 3431 555 3485 Non
572 3445 689 3500 parcam
707 3431 758 3500 eis,
776 3445 836 3485 non
853 3431 984 3484 minuam
1003 3443 1065 3496 sqq.

176 3499 270 3554 sinam
289 3516 341 3568 per
359 3501 513 3570 Assyrium
535 3518 587 3558 vos
604 3501 712 3557 vastari
736 3501 811 3555 sicut
832 3517 885 3556 vos
908 3499 1066 3555 devastatis

161 3570 230 3626 tlead
249 3575 301 3625 eto.
339 3570 368 3641 4)
387 3573 427 3627 Et
444 3573 486 3627 sic
504 3573 585 3628 verbi
603 3575 659 3624 nro
675 3573 787 3642 passim
805 3570 923 3640 sqq.†††

217 3750 247 3820 †)
267 3749 378 3806 Gilead.
415 3749 462 3821 ††)
481 3751 558 3806 Vera
582 3751 635 3806 loci
660 3750 812 3806 sententia.
848 3747 915 3823 †i†)
932 3745 1066 3800 Schanaf.
