2584 4267
266 313 333 375 446
605 309 710 392 Caput
732 318 861 375 sextum

665 487 797 564 limatis,

262 601 311 658 est
333 594 419 676 regio
449 613 532 676 quae
560 593 659 658 hodie
680 594 855 692 Antioolria
882 593 1009 672 dicitnr,
1040 597 1077 659 in
1099 597 1190 678 Syris.

541 752 594 817 Ad
616 754 742 835 optima
763 772 921 836 quaeque,

260 861 322 925 hoo
349 868 411 926 est:
442 862 559 925 Videte
586 861 668 923 haec
701 879 813 942 regna,
850 868 992 946 spectate
1026 863 1188 946 principes,

260 951 401 1014 conferte
430 969 505 1013 oum
534 955 639 1016 vestro
674 969 773 1031 regno
808 951 965 1032 quioquid
995 957 1045 1015 est
1072 952 1108 1014 in
1134 953 1189 1015 illis

259 1039 366 1120 regnis
388 1039 559 1122 optimum,
583 1037 735 1104 videbitis
758 1059 815 1103 vos
836 1039 931 1121 longe
946 1041 1036 1122 ipsos
1051 1059 1191 1124 superare

260 1133 293 1190 et
315 1128 515 1211 principibus
539 1133 572 1191 et
592 1127 673 1191 luxu
697 1133 756 1190 eto.
803 1127 912 1193 Potest
940 1130 1040 1193 etium
1062 1129 1098 1192 in
1118 1149 1190 1192 mas-

260 1217 367 1280 eulino
390 1237 505 1298 genere
527 1216 607 1298 legi:
630 1216 781 1298 optimos.
1260 1216 1262 1231 ¹

493 1376 528 1440 Si
549 1376 644 1442 latior
666 1375 824 1438 terminus
847 1394 968 1438 eorum.

348 1482 421 1546 Hoo
454 1487 504 1546 est
536 1481 624 1564 quod
655 1482 728 1545 Esa.
759 1502 829 1564 oap.
854 1482 894 1544 V.
925 1482 985 1546 ait:
1023 1483 1107 1560 Vae,
1139 1484 1188 1563 qui

138 1570 140 1573 ’
196 1643 200 1652 .
259 1571 450 1652 consurgitis
485 1570 619 1634 domum
654 1570 697 1632 ad
730 1569 865 1634 domum
902 1577 935 1635 et
972 1591 1088 1652 agrum
1122 1591 1189 1652 agro

259 1660 417 1743 copulatis
439 1679 543 1741 usque
566 1659 608 1722 ad
630 1659 808 1722 terminum
830 1659 908 1736 loci,
935 1660 999 1724 hoc
1022 1666 1088 1724 est:
1116 1659 1187 1723 adeo

259 1749 371 1813 omnia
392 1748 428 1812 in
449 1755 593 1815 vestrum
615 1752 713 1812 us'um
739 1749 868 1830 rapitis,
895 1754 934 1812 ut
960 1749 1102 1832 amplius
1130 1769 1188 1811 non

260 1838 303 1901 sit
323 1839 413 1902 loeus
435 1838 641 1922 pauperibus.
687 1835 739 1900 Ita
759 1837 830 1901 hie:
854 1836 986 1901 termini
1007 1838 1114 1915 vestii,
1135 1837 1188 1900 hoo

259 1933 318 2003 est,
330 1928 461 1991 termini
473 1927 683 2010 possessionis
694 1931 828 2002 vestrae,
845 1927 1041 2009 amplissimi
1052 1931 1187 1990 suntote.

605 2085 750 2169 Separati
772 2085 860 2164 estis,

258 2191 293 2255 id
317 2201 382 2257 est:
412 2194 563 2259 reservati
592 2192 634 2256 ad
664 2191 751 2255 diem
774 2191 969 2274 captivitatis
992 2191 1188 2256 ab'dueemini

259 2300 381 2346 omnes.

402 2421 445 2484 ut
467 2422 736 2503 appropinquatis
758 2423 838 2486 solio
860 2421 1055 2504 iniquitatis.

346 2526 398 2590 Sio
428 2533 478 2590 est
503 2527 539 2590 in
561 2527 710 2590 hebraeo.
757 2529 801 2592 Et
823 2527 973 2593 seceditis
995 2533 1036 2592 ut
1061 2527 1187 2593 sedeatis
1259 2506 1261 2563 l

255 2617 291 2679 in
313 2616 440 2694 iniuria,
463 2617 526 2679 hoo
548 2622 610 2680 est:
633 2621 740 2679 totum
762 2615 841 2683 *hoo
856 2616 944 2698 quod
958 2616 1066 2698 agitis,
1089 2615 1189 2681 omnia

255 2706 364 2771 studia
385 2712 491 2772 vestra
513 2725 551 2769 eo
574 2703 735 2770 destinata
764 2713 856 2783 sunt,
886 2712 924 2771 ut
951 2707 1099 2788 opulenti
1126 2723 1186 2772 eve-

256 2794 357 2875 daffis,
385 2801 424 2858 ut
446 2796 598 2860 omnibus
619 2796 718 2860 rebus
747 2794 934 2872 abundetis,
966 2794 1002 2858 id
1032 2795 1100 2859 sive
1126 2794 1187 2857 iure

256 2885 322 2950 sive
350 2885 470 2949 iniuria
496 2883 570 2961 fiat,
605 2884 689 2947 nihil
722 2885 844 2965 putatis
877 2883 993 2947 referre
1027 2889 1103 2948 utut
1128 2901 1188 2945 rem

255 2973 381 3039 faciatis
404 2979 463 3038 eto.
1258 3016 1261 3057 1

511 3076 513 3083 ’
538 3080 601 3156 uus
622 3079 734 3144 sasas
756 3080 793 3141 sn
814 3079 914 3143 lass.
1258 3064 1261 3171 l

344 3188 415 3251 Iam
459 3205 615 3271 pompam
656 3173 694 3250 'et
730 3187 869 3269 impium
906 3205 1018 3250 eorum
1060 3181 1186 3259 luxumt
1257 3174 1260 3226 l

256 3274 415 3339 describit.
1254 3230 1260 3320 l

635 3364 812 3438 nassas.
1257 3322 1260 3437 l

344 3467 491 3534 Rectius:
513 3469 751 3548 Luxuriamini,
774 3470 826 3536 vel
840 3468 1022 3534 abundatis.
1052 3468 1153 3531 Damn

255 3593 471 3606 -aen—n—

344 3644 369 3713 ')
388 3643 495 3713 Incipit
513 3661 541 3714 p.
561 3645 668 3698 LXXI.
687 3643 782 3698 Msci.

342 3784 372 3853 t)
392 3786 502 3842 Luxus·
528 3787 531 3790 ’
