2584 4267
399 313 544 390 'rosus
566 326 752 409 prophetae.
827 378 831 381 .
878 278 882 286 ’
1005 323 1072 388 147

43 563 51 576 ,
172 512 176 517 “
240 502 388 565 Audite
440 502 516 565 hoc
568 521 704 580 senes,
756 510 795 566 et
846 501 1074 565 auscultate

48 589 60 601 “
170 612 314 655 omnes
337 591 595 657 habitatores
617 597 760 654 terrae.
802 590 901 654 Num
923 590 1073 653 hecfa-

170 687 281 744 ctum
304 687 363 743 est
384 680 425 742 in
447 679 758 744 diebusvestris
774 686 843 743 aut
864 680 908 742 in
929 679 1073 742 diebus

53 818 59 825 .
125 814 127 821 ,
170 776 336 852 patrum
357 767 606 833 vestrorum?
643 769 696 831 De
720 789 762 832 eo
785 773 945 831 narrate
968 767 1073 831 filiis

170 858 337 935 vestris,
381 863 419 921 et
457 857 544 923 filii
580 858 706 921 vestri
746 857 849 921 filiis
888 856 986 933 suis,
1030 876 1074 919 ae

39 958 46 966 ·
170 947 262 1009 filii
284 966 419 1009 eorum
441 946 696 1027 generationi
718 946 849 1010 alteri.
888 944 1003 1019 Quod
1026 945 1097 1009 ab.

39 1074 45 1084 -
171 1055 295 1099 eruca
330 1036 525 1098 relictum
566 1041 625 1099 est
669 1034 848 1099 comedit
897 1035 1072 1097 locusta.

40 1107 45 1116 ¹
74 1182 83 1197 ,
173 1124 290 1198 Quod
324 1144 344 1186 a
376 1124 548 1187 locustis
581 1123 769 1187 relietum
806 1129 867 1186 est
899 1122 1075 1186 comedit

174 1213 361 1276 bruchus.
416 1211 527 1288 Quod
556 1232 576 1274 a
601 1212 751 1277 brucho
784 1212 978 1276 relictum
1012 1218 1075 1275 est

173 1302 351 1365 comedit
372 1300 532 1366 vermis.

227 1456 325 1523 ¹Fere
364 1434 476 1525 omnes
514 1460 704 1543 interpretes
740 1466 813 1524 turn
849 1467 970 1525 veteres
1003 1466 1075 1524 turn

130 1549 325 1613 recentiores
359 1549 445 1612 hano
477 1548 520 1611 de
553 1549 660 1613 noxiis
691 1550 855 1613 vermibus
888 1550 1075 1613 concionem

130 1637 339 1717 allegoricam
353 1657 423 1701 esse
438 1642 566 1718 putant,
583 1658 620 1700 ac
635 1638 911 1719 quidam'longius
922 1637 1074 1720 provecti,

129 1746 202 1789 non
223 1726 334 1789 unius-
345 1726 499 1807 temporis
514 1726 682 1791 historiam
697 1747 717 1789 a
731 1728 889 1809 propheta
903 1726 1075 1806 significari

130 1814 346 1877 contendunt.

220 1902 309 1971 Nam
331 1922 390 1983 pro
412 1903 565 1967 varietate
579 1904 737 1969 vermium
752 1903 856 1967 varias
871 1908 1092 1965 externarum

132 1991 283 2071 gentium
312 1990 507 2072 irruptiones
536 1993 736 2072 intelligrmt,
761 2010 871 2056 erucas
895 1991 1075 2071 Assyrium,

132 2079 275 2143 bruchos
309 2079 538 2160 Babylonium,
573 2082 713 2145 locustas
739 2078 916 2147 Alexandri
946 2079 1075 2161 posteri·

133 2174 251 2245 tatem,
286 2167 469 2248 rubiginem
497 2170 660 2233 Romanos
693 2170 953 2251 interpretantur.
1005 2168 1077 2231 Hae

133 2256 226 2319 enim
247 2258 453 2321 monarchiae
475 2259 634 2340 populum
656 2256 711 2319 dei
725 2258 861 2337 graviter
880 2256 1076 2332 afflixerunt,

133 2345 241 2408 donee
273 2344 407 2408 tandem
440 2353 570 2429 propter
603 2352 827 2429 contemptum
859 2344 1017 2426 evangelii
1044 2351 1079 2408 et

133 2432 353 2501 idololatriam
376 2434 436 2497 sub
459 2435 613 2500 Romanis
636 2436 766 2518 penitus
788 2435 937 2500 concidit.
982 2434 1078 2497 Hanc

134 2522 334 2587 sententiam
364 2522 392 2585 si
420 2524 493 2603 quis
520 2524 672 2605 amplecti
692 2524 778 2588 volet
801 2544 868 2587 non
889 2523 1077 2606 impediam.

133 2605 307 2690 ,²Diligens
317 2616 428 2673 tamen
438 2611 594 2694 interpres
604 2613 668 2676 hoo
678 2612 799 2692 ubique
810 2618 971 2692 sequetur,
991 2609 1078 2690 quod

133 2699 296 2779 cuiusque
312 2698 375 2761 loci
391 2699 533 2765 maxime
554 2700 720 2783 proprium
738 2706 797 2765 est.
832 2701 962 2765 Moveor
981 2698 1080 2779 igitur

136 2787 283 2869 primum
305 2788 495 2853 auctoritate
510 2788 619 2865 Mosis,
642 2795 682 2853 ut
701 2789 855 2853 historica
870 2789 951 2849 haec
966 2793 999 2850 et
1013 2807 1080 2849 non

134 2875 307 2955 allegorica
326 2894 397 2940 esse
424 2877 575 2941 iudicem.
620 2877 673 2940 Sic
695 2878 783 2940 enim
802 2876 945 2940 minatur
966 2875 1078 2938 Deute.

138 2958 213 3029 28.³
261 2964 447 3029 sementem
469 2966 606 3030 multam
627 2965 725 3029 iacies
746 2966 782 3029 in
803 2972 936 3041 terram,
959 2968 993 3028 et
1014 2983 1079 3033 mo·

132 3052 250 3115 dicum
264 3053 483 3133 congregabis,
499 3054 577 3136 quia
590 3056 731 3118 locustae
746 3053 946 3118 devorabunt
960 3051 1079 3128 omnia,

135 3140 269 3211 vineam
292 3142 454 3223 plantabis
484 3149 517 3205 et
543 3142 660 3219 fodies,
691 3147 724 3207 ot
752 3162 819 3205 non
847 3142 938 3206 bibes
967 3142 1082 3207 vinum

135 3248 202 3291 nec
223 3228 353 3309 colliges
375 3250 417 3293 ex
438 3250 477 3297 ea
499 3232 677 3313 quippiam,
702 3231 856 3310 quoniam
870 3229 1049 3297 vastabitur
1062 3250 1083 3293 a

137 3317 316 3382 vermibus.
340 3318 426 3399 Ergo
445 3320 540 3401 plaga
558 3339 615 3383 seu
629 3320 753 3401 peccati
767 3340 873 3401 poena
886 3319 1020 3383 definita
1033 3325 1083 3384 est

173 3406 316 3478 >riarum
330 3408 489 3471 vermium
508 3408 608 3489 eopia,
633 3427 699 3489 qua
713 3427 843 3475 annona
856 3410 949 3491 perit,
965 3408 1083 3473 deinde

173 3495 295 3561 invenit
317 3514 393 3561 eum
407 3496 497 3561 Mose
516 3496 715 3580 experientia
736 3517 874 3579 quoque.
909 3498 981 3562 Etsi
994 3498 1083 3566 enim

234 3720 262 3789 1)
283 3720 390 3789 Opinio
411 3722 602 3793 interpretum
626 3723 663 3778 de
687 3724 784 3780 noxiis
808 3724 918 3779 bestiis.
959 3721 1083 3791 DVera

184 3792 233 3847 ius
260 3792 318 3847 loci
346 3794 500 3849 sententia.
545 3795 574 3863 3)
601 3796 677 3851 Ien.:
704 3796 789 3851 Dent.
808 3795 852 3850 28.

874 3881 923 3937 10·
