2584 4267
209 229 274 294 406
549 228 654 310 Caput
675 228 808 291 tertium

400 405 483 470 Ecce
506 425 564 486 ego
588 403 732 478 stridebo
753 404 864 468 subter
885 423 951 469 ros.

297 513 417 592 Figura
439 511 589 576 hebraica
611 518 669 588 est,
697 531 730 592 q.
754 510 803 572 d.:
832 510 917 574 sicut
938 511 1041 592 gemit
1064 511 1154 592 plau·

210 609 312 666 strum
335 602 470 682 plenum
492 602 621 684 stipula,
646 602 693 664 ita
711 600 811 662 etiam
826 601 946 662 curabo
960 606 999 663 ut
1014 599 1155 680 gematis

209 711 265 754 vos
289 691 349 753 sub
373 689 523 772 plaustris
545 689 733 770 Assyriaeis,
756 689 819 751 hoc
841 695 899 764 est,
930 689 1034 770 pressi
1057 707 1156 752 onere

131 798 135 816 ¹
209 785 242 842 et
280 780 389 842 labore
433 779 534 842 nimio
568 778 718 858 gemetis,
758 778 989 858 opprimemini
1024 797 1154 841 rursum

209 868 266 948 qui
288 869 355 930 iam
378 869 453 931 elati
476 875 510 931 et
530 867 667 931 fastuosi
689 866 775 929 estis.
822 866 866 929 nt
894 867 956 929 hoc
985 873 1037 930 est
1066 867 1155 946 quod

210 959 256 1020 ait
278 958 396 1032 subter,
421 956 509 1036 quod
531 976 591 1019 nos
612 956 713 1019 latine
736 953 906 1018 commode
929 954 1065 1018 reddere
1088 976 1156 1018 non

209 1065 390 1125 possumus.

447 1170 490 1232 nt
511 1168 630 1250 peribit
652 1169 731 1248 fuga
753 1189 772 1231 a
794 1139 919 1231 veloce.x

300 1276 398 1338 Tollit
420 1275 746 1356 omnepraesidium,
771 1280 804 1337 et
825 1275 938 1337 omnia
951 1275 1098 1339 minatur
1121 1295 1156 1337 se

211 1363 394 1426 ablaturum
422 1365 457 1426 in
485 1365 605 1444 quibus
634 1365 771 1427 salutem
800 1369 833 1426 et
855 1362 967 1442 fugam
995 1363 1062 1426 sibi
1085 1384 1155 1444 pro-

210 1452 353 1528 mittunt,
379 1473 510 1515 omnem
525 1453 750 1516 fortitudinem
772 1458 806 1515 et
820 1451 967 1514 studium
982 1451 1155 1515 evadendi.

210 1540 371 1602 Hebraica
392 1541 519 1621 phrasis
542 1547 600 1618 est,
623 1541 756 1621 quando
778 1540 870 1604 dicit:
901 1541 1020 1622 peribit
1043 1541 1158 1621 fuga,†
1224 1606 1230 1616 t

211 1648 276 1708 qua
298 1648 376 1692 usus
399 1634 449 1693 est
463 1631 562 1692 etiam
577 1629 682 1695 David
697 1631 733 1693 in
748 1630 933 1711 psalmo††:
955 1628 1054 1710 periit
1076 1629 1158 1710 fuga

211 1737 231 1778 a
253 1739 316 1794 me,
340 1718 375 1781 id
398 1724 462 1783 est:
485 1738 552 1782 non
574 1719 678 1796 video,
703 1738 769 1800 que
785 1718 932 1793 evadam,
957 1738 1032 1799 spes
1048 1719 1158 1780 omnis

211 1806 370 1869 evadendi
392 1813 442 1870 est
456 1803 591 1889 perdita,
616 1807 819 1889 pereundum
833 1807 920 1869 mihi
932 1807 992 1869 erit
1007 1812 1068 1869 etc.
1106 1806 1158 1870 Ita

210 1894 265 1957 hic
287 1897 431 1974 minatur
446 1895 534 1958 idem
550 1896 711 1973 dominus,
736 1916 767 1977 q.
784 1894 835 1958 d.:
858 1895 1074 1959 Circumdabo
1100 1916 1157 1960 vos

211 1990 302 2046 tanta
313 1985 459 2065 potentia
468 1984 613 2048 hostium
628 1991 662 2048 et
675 1984 797 2048 viribus
813 1984 959 2060 aliorum,
975 1984 1159 2048 immittam

211 2071 303 2135 vobis
325 2093 487 2155 pavorem,
522 2094 564 2136 ne
593 2074 723 2156 possitis
757 2073 900 2150 evadere,
936 2073 1158 2155 potentissimi

212 2162 411 2225 exercituum
426 2162 524 2226 duces
539 2162 746 2245 desperantes
766 2169 799 2226 et
813 2162 914 2225 diffisi
928 2162 1024 2225 rebus
1038 2163 1157 2233 vestris

212 2249 389 2330 aufugient.
442 2251 533 2314 Adeo
568 2253 696 2314 nullum
732 2251 835 2314 aderit
861 2251 952 2314 vobis
982 2251 1157 2327 auxilium,

210 2337 394 2439 bellatores,
425 2338 536 2415 duces,
567 2341 741 2419 sagittarii,
773 2339 897 2420 equites
927 2359 1040 2403 omnes
1064 2341 1158 2403 omni
1263 2380 1264 2438 p

211 2430 362 2488 vrctorree
393 2445 449 2506 spe
476 2427 628 2490 fallentur
651 2433 710 2491 etc.
756 2427 821 2490 Hic
849 2427 924 2490 finis
952 2433 1002 2490 est
1028 2429 1157 2509 primae
1263 2491 1264 2502 ,

212 2512 374 2577 concionis
397 2514 433 2576 in
454 2516 516 2578 hoc
539 2516 706 2598 propheta,
730 2536 798 2580 non
813 2516 902 2579 enim
916 2517 1027 2580 statim
1043 2519 1158 2580 omnia

211 2601 455 2684 prophetarunt,
479 2604 625 2686 sequitur
647 2605 731 2668 alius
754 2623 868 2668 sermn.

525 2758 638 2845 Caput
658 2760 838 2828 'neruum

302 2869 500 2951 †††Summa
529 2876 561 2932 et
591 2871 716 2936 occasio
743 2870 842 2933 huius
872 2869 987 2951 capitis
1017 2869 1085 2934 sive
1111 2890 1156 2932 se·
1263 2936 1264 2969 ἶ

213 3043 320 3097 factum
332 3044 483 3113 improbet,
502 3059 615 3114 nempe,
635 3045 712 3112 quod
725 3060 792 3098 eum
804 3045 862 3113 ipsi
874 3059 911 3097 ex
924 3045 1051 3112 quadam
1063 3045 1158 3112 impia
1263 3053 1264 3101 l

213 3114 365 3169 securitate
393 3115 558 3182 religionem
587 3119 788 3184 contemnant,
814 3115 941 3183 reliquos
965 3123 1080 3188 qnoque
1100 3131 1156 3168 suo
1263 3116 1264 3190 j

213 3186 345 3251 exemplo
363 3185 401 3238 ad
419 3186 544 3240 similem
556 3191 753 3254 contemptum
766 3186 914 3253 inducant,
933 3190 967 3238 ut
985 3190 1158 3253 contemptu
1263 3210 1264 3241 l

212 3254 262 3307 illo
280 3254 348 3308 vani
367 3257 461 3310 cultus
479 3261 509 3311 et
527 3257 633 3325 impiae
651 3257 810 3324 religionis,
829 3257 1000 3324 simpliciter
1019 3257 1107 3310 deum
1128 3261 1158 3310 et
1260 3245 1264 3283 *¹

213 3341 314 3379 omnes
331 3326 483 3393 religiones
501 3332 695 3384 contemnant.
748 3389 755 3396 ,

301 3486 330 3556 †)
357 3487 453 3541 Perire
480 3489 585 3556 fugam.
630 3490 678 3558 i†)
705 3490 810 3544 Psalm.
834 3488 894 3542 141.
940 3486 1006 3556 ffi)
1033 3488 1070 3540 In
1091 3487 1154 3540 coll.
1263 3494 1264 3515 ¹

213 3558 286 3612 Ien.:
306 3559 436 3628 sequitur
455 3563 607 3616 contextus
624 3563 715 3616 totius
734 3561 838 3630 cepitis
856 3560 989 3627 vulgatae
1008 3558 1155 3613 editionis.

213 3628 276 3681 Iam
294 3631 325 3684 in
337 3631 465 3698 margine
477 3630 595 3697 legitur:
615 3633 733 3688 Summa
745 3633 850 3700 capitis
862 3631 1019 3699 sequentis.
1048 3629 1153 3683 Vuitt.:
1263 3615 1264 3671 l

213 3699 422 3778 Argumentum
440 3702 518 3756 tertii
536 3704 648 3772 capitis.
