2584 4267
42 3091 46 3286 l

42 3539 47 3682 Ι

42 3903 47 4047 l

478 232 714 312 Prolegomena.
1001 230 1065 295 375

129 411 263 474 Lutheri
295 411 376 492 ipsis
409 430 429 474 a
459 409 611 474 familiari
645 407 787 490 quodam
820 410 1066 492 hamasprum

128 505 255 562 mutata
286 499 489 564 solummodo
522 498 750 581 orthographia
782 499 892 563 minus
920 505 1066 564 accurate

130 594 160 650 et
181 607 250 650 non
272 588 449 670 aequaliter
469 607 490 650 a
512 587 666 671 scriptore
688 587 845 651 adhibita.

216 675 452 742 Adnotationes
490 683 617 755 nostrae
663 678 700 740 in
735 677 837 740 Amos
874 676 1067 759 prophetam

130 765 243 827 cadem
287 785 329 828 ex
374 766 587 848 praelectione
624 765 758 829 Lutheri
802 771 955 847 exceptae
1000 765 1067 830 Iam

130 853 347 918 MDXXXVI.
405 856 608 936 Argentorati
645 853 750 918 editae
787 861 865 919 sunt
901 855 937 918 in
973 855 1065 931 libro,

129 941 219 1005 cuins
250 943 494 1025 inscriptionem
523 944 559 1006 in
589 944 826 1024 Prolegomenis
854 942 896 1007 ad
923 943 1067 1007 Iohelem

130 1031 267 1094 alterum
305 1051 405 1113 quarn
442 1032 681 1096 accuratissime
719 1032 936 1115 depinximus.
993 1032 1065 1096 Sex·

129 1120 250 1183 centies
273 1140 347 1184 vcro
369 1121 467 1186 verba
487 1121 621 1186 Lutheri
647 1121 683 1184 in
713 1121 908 1186 sententiam
936 1119 1067 1185 editoris

129 1207 212 1270 flexa
235 1215 333 1290 atque
355 1216 552 1274 commutata
575 1215 659 1274 sunt.
705 1209 753 1272 Ila
774 1229 858 1290 quae
881 1209 1068 1290 corrigenda

129 1296 180 1360 ille
202 1297 437 1363 existimaverit
459 1299 685 1365 adnotavimus
708 1298 769 1362 sub
787 1299 874 1362 linea
888 1304 1068 1362 transversa

130 1387 273 1450 numeris
295 1386 430 1452 arabicis
453 1387 614 1451 denotata.
654 1386 706 1450 Ad
728 1388 790 1451 hoc
812 1405 916 1468 usque
938 1393 1067 1470 tempus

62 1503 67 1518 ·
129 1493 185 1554 pro
208 1475 343 1539 Lutheri
366 1476 468 1558 ipsius
496 1477 657 1542 sententia
682 1476 894 1554 habebantur,
924 1483 1068 1541 attamen

129 1561 202 1626 inde
233 1565 398 1628 codicibus
429 1564 669 1646 Cygncensibus
697 1572 729 1630 et
756 1565 1067 1646 Altenburgensibus

130 1652 378 1718 concordissime
412 1654 606 1718 testantibus
639 1653 780 1735 amplius
809 1674 876 1718 non
904 1655 1065 1719 valebunt.

130 1739 251 1805 Malam
288 1742 388 1806 fuisse
426 1741 558 1806 editoris
596 1742 785 1824 opinionem
818 1742 999 1805 iudicemus
1032 1743 1068 1804 iu

129 1831 327 1910 praefatione
350 1831 500 1896 editionis
523 1831 719 1913 professam,
750 1851 784 1894 se
806 1830 913 1894 fausto
935 1829 1067 1894 consilio

129 1936 265 1984 murum
287 1941 365 1997 esse,
389 1940 492 2001 quum
515 1919 710 1984 Graecorum
732 1919 807 1984 trito
830 1918 977 1982 adhibito
999 1939 1068 1982 rem

131 2009 367 2090 aggrederetur:
404 2009 547 2092 δευτέρω
581 2008 749 2092 φροντίδες
782 2009 968 2091 σοφωτέρα.
1020 2008 1068 2070 De

130 2095 187 2162 hac
217 2098 418 2180 praefatione
449 2097 543 2181 plura
571 2099 741 2160 afferemus
769 2096 805 2158 in
831 2095 1068 2176 Pmlegomenis
1203 2160 1212 2186 ‚

131 2184 170 2248 ad
191 2186 336 2250 Abdiam
358 2187 552 2269 prophetam
575 2187 714 2250 altarum
735 2183 922 2249 scribendis.

216 2276 367 2357 Repetite
389 2281 438 2340 est
460 2275 619 2338 enarratio
642 2274 678 2337 in
692 2275 793 2338 Amos
812 2273 1005 2356 prophetam
1027 2294 1069 2336 ex

130 2362 270 2428 editione
298 2365 547 2444 Argentoratina
573 2364 608 2426 in
638 2363 832 2427 collectionis
854 2362 1067 2426 Vuittember·

130 2453 236 2532 gensis
251 2459 339 2516 tomo
350 2453 407 2516 IV.
424 2474 456 2535 p.
470 2453 545 2516 519.
561 2459 595 2515 et
608 2452 753 2517 lenensis
768 2457 856 2516 tomo
871 2452 929 2515 ΙΠ.
946 2473 978 2534 p.
992 2452 1066 2516 494.

218 2543 315 2606 Anno
337 2542 468 2605 MDLV.
493 2541 578 2622 Mag.
602 2541 721 2604 Paulus
743 2540 893 2604 Kroelius
916 2559 989 2604 earn
1010 2541 1068 2604 lirr-

132 2649 192 2712 gua
215 2630 400 2712 germanica
421 2630 517 2694 vertit
539 2631 575 2692 in
596 2649 694 2693 usum
716 2628 912 2692 collectionis
933 2648 1069 2710 operum

132 2719 386 2798 germanicorum
408 2718 541 2784 Lutheri
563 2715 889 2796 Vuittembergensis‚
919 2717 1011 2779 cuius
1033 2718 1069 2779 in

132 2812 218 2886 tomo
242 2808 330 2870 VIII.
354 2828 387 2891 p.
412 2808 486 2871 411.
511 2806 683 2872 iuvenitur.

220 2897 361 2979 Recepta
387 2900 436 2960 est
464 2896 545 2959 haec
567 2894 671 2960 versio
702 2893 781 2956 aD.
832 2891 1003 2972 Sagittario
1033 2892 1069 2956 in

133 2985 327 3049 collectionis
360 2984 626 3065 Altenburgensis
661 2988 787 3047 tomum
815 2981 872 3044 VI.
907 3001 940 3062 p.
967 2981 1067 3053 1000;

45 3095 46 3098 ¹
133 3071 299 3138 deindea
325 3075 363 3136 D.
414 3073 553 3137 Bornero
591 3074 627 3134 in
665 3069 860 3134 collectionis
893 3067 1069 3150 Lipsiensis

133 3166 260 3226 tomum
282 3163 370 3225 VIII.
395 3184 427 3245 p.
453 3159 531 3238 267;
564 3167 771 3242 postremos
791 3159 829 3220 D.
854 3157 1001 3220 Walchio
1034 3158 1070 3220 in

133 3251 327 3316 collectionIs
350 3251 501 3315 Halensis
524 3255 650 3314 tomum
673 3249 728 3310 VI.
753 3268 785 3329 p.
811 3245 908 3309 2434.

220 3341 327 3402 PrIma
342 3341 440 3404 verba
455 3339 682 3403 salutationem
697 3337 752 3419 pio
766 3335 877 3399 lectori
888 3335 1071 3400 dedicatam

158 3429 378 3510 >mp1ectentia
389 3429 429 3492 ab
441 3429 613 3508 interprete
625 3425 797 3491 vernacula
806 3424 919 3505 lingua
929 3424 1069 3488 nonred-
1150 3508 1153 3515 Ι

158 3517 200 3579 ita
215 3523 300 3595 sunt,
318 3537 417 3599 quare
434 3523 466 3580 et
481 3517 605 3580 cunctis
621 3515 657 3578 in
679 3513 919 3577 collectionibus
943 3513 1068 3576 desunt.

220 3606 317 3670 Vltus
350 3605 532 3670 Ludovicus
567 3625 586 3667 a
617 3601 814 3667 Seckendorf
845 3602 881 3664 in
916 3600 1070 3664 historiae

154 3713 207 3757 uae
230 3695 470 3758 Lutheranismi
492 3693 574 3755 libro
597 3692 655 3754 111.
681 3693 712 3772 ξ.
734 3691 787 3754 48.
811 3693 931 3764 monet,
955 3688 1070 3751 Luthe-
