2584 4267
209 277 252 338 30
522 273 627 354 Caput
650 272 827 337 secundum

210 454 390 532 plurimum
412 452 562 513 ruborem
585 457 622 514 ut
644 451 680 513 in
703 450 844 513 canticis.
885 450 964 513 alias
988 470 1053 513 non
1075 450 1148 531 lego
1266 502 1267 505 ,

209 540 409 620 sanguinem,
433 540 517 603 circa
538 538 627 602 istud
649 546 787 619 tempus,
811 537 914 602 utitur
929 538 1037 602 audax
1052 539 1147 603 inter·

208 629 345 708 prctatio
375 628 415 691 (16
438 629 594 709 sanguine
617 628 737 691 Christi
765 634 797 691 61
826 633 1019 707 martyrum,
1050 628 1149 689 rubor

209 718 307 778 rubor
340 717 394 780 hic
428 717 492 779 fuit
520 724 552 781 et
581 723 710 793 ventus,
742 715 944 797 significabat
971 716 1149 780 ferventem

209 806 408 881 charitatem,
433 807 491 886 qui
514 807 585 869 vult
606 804 721 885 maaet,
744 803 838 887 11111111,
862 806 969 867 trahat
991 806 1083 885 signa
1105 804 1160 867 ad·

209 900 392 957 extremum
414 893 516 970 diem,
545 914 644 975 quem
671 894 862 975 praecedent
889 895 970 957 haec
996 894 1089 973 signa
1110 899 1150 955 ut

211 981 356 1046 Christus
384 983 540 1063 praedicit
567 984 653 1046 Luce
679 984 719 1046 19
748 984 799 1047 vel
823 984 874 1045 21.
922 982 1011 1045 Haeo
1038 988 1150 1044 autem

211 1072 322 1133 omnia
344 1072 458 1135 malim
481 1092 540 1151 ego
561 1072 764 1152 interpretari
782 1071 824 1134 ad
838 1078 967 1151 tempus
983 1070 1155 1133 missionis

212 1160 358 1239 spiritus,
390 1166 423 1223 et
452 1160 539 1241 quod
569 1160 638 1222 dies
666 1155 802 1223 iliceto.
849 1160 893 1222 111
919 1159 988 1222 (1161
1015 1160 1150 1223 revelati
1273 1185 1278 1194 ¹

212 1249 379 1329 evangelii.
427 1251 539 1313 lunam
562 1250 644 1311 verti
671 1249 707 1311 in
734 1250 924 1329 sanguinem
952 1254 984 1311 61
1004 1248 1150 1326 'similem

212 1338 281 1399 fieri
304 1337 468 1417 sanguini,
498 1338 609 1418 phrasi
631 1338 783 1401 hebraica
804 1343 842 1400 ut
863 1337 899 1399 in
922 1331 1147 1421 Apocallypsal:

214 1425 302 1505 quod
324 1445 382 1488 nos
405 1426 584 1489 diceremus
607 1426 822 1506 sanguineum
845 1432 902 1489 etc.

547 1604 591 1667 Et
612 1605 674 1667 erit
695 1606 809 1667 omnis.

296 1729 355 1791 ,hic
381 1724 507 1791 textus¹
540 1749 594 1790 me
621 1736 729 1791 movet
756 1736 793 1791 ut
819 1728 1001 1809 intelligam
1027 1744 1156 1807 praece-¹

215 1811 353 1901 [dentia]:
379 1816 419 1880 (16
442 1817 495 1880 (116
518 1817 659 1883 revelati,
674 1818 832 1898 evangelii
848 1818 906 1898 qui
921 1815 1056 1880 refulsit.
1092 1815 1150 1877 lux
1285 1864 1287 1879 .

215 1925 333 1985 magna
361 1905 524 1986 justitiae,
561 1905 708 1969 Christus
732 1912 789 1969 etc.
836 1908 916 1969 haec
950 1906 1042 1985 signa
1075 1902 1151 1965 data
1257 1974 1259 1979 ¹

215 2001 292 2056 1111
314 2014 371 2075 pro
402 1995 643 2058 confirmatione
656 1995 799 2075 ‚spiritua
822 1994 891 2057 dati
920 2000 953 2058 et
975 1993 1067 2055 missi
1091 1998 1148 2055 etc.
1285 1988 1287 2013 ⁵

218 2077 278 2145 ‘Et
301 2083 362 2145 erit
384 2103 422 2146 eo
444 2090 587 2164 tempore
615 2104 680 2164 quo
710 2084 773 2146 ista
802 2084 894 2163 signa
923 2087 1026 2145 erunt.
1040 2088 1071 2143 et
1093 2080 1151 2143 ubi
1230 2080 1268 2117 ἰ

216 2172 348 2251 spiritus
378 2171 529 2234 ceciderit
555 2179 613 2235 etc.
644 2170 767 2254 1111611
793 2170 864 2251 111111
891 2177 966 2235 1116
996 2167 1152 2253 pellicien?

213 2259 284 2339 Sia.
330 2259 387 2321 sed
421 2261 564 2340 loquitur
591 2260 645 2323 hic
679 2260 720 2321 (16
753 2260 926 2323 manifesta
958 2260 1152 2346 revelatione

213 2347 434 2411 invocationis.
470 2368 568 2428 prope
584 2355 633 2411 661
655 2349 806 2412 omnibus
830 2348 1054 2412 invocantibus
1077 2366 1152 2409 cum

213 2438 292 2498 haec
322 2436 482 2500 invocatio
511 2437 706 2500 revelabitur
735 2439 796 2501 toti
822 2438 960 2500 mundo:
986 2471 1029 2482 -
1050 2436 1151 2507 mani·

214 2524 333 2588 festum
356 2524 574 2587 ministerium
590 2526 723 2607 spiritus
738 2525 935 2589 indicabitur
950 2526 1010 2589 toti
1030 2523 1153 2587 mundo

215 2620 272 2676 616.
320 2614 400 2676 haec
423 2615 595 2678 auctoritas
618 2614 756 2678 destruit
782 2614 939 2695 quicquid
967 2620 1015 2677 611
1041 2615 1152 2675 huma·
1272 2584 1287 2629 Ἰ

215 2722 331 2763 aarum
366 2702 485 2764 virium
515 2710 573 2766 616.
625 2704 763 2767 salutem
797 2704 965 2767 constituit
999 2703 1156 2783 propheta

216 2811 282 2853 non
311 2791 347 2852 in
373 2791 511 2872 justitiis
540 2793 658 2855 nostris
689 2791 745 2855 sed
772 2792 974 2856 invocatione
1001 2790 1153 2854 nominis.

216 2878 303 2952 Quid
326 2886 435 2943 autem
458 2888 507 2943 est
522 2883 649 2944 salvum
665 2880 757 2944 fieri?
785 2888 834 2944 est
847 2880 964 2944 redimi
980 2901 1000 2942 a
1014 2884 1153 2960 peccato,

216 2974 318 3031 morte
341 2975 374 3031 et
396 2969 547 3032 omnibus
570 2970 667 3032 malis
690 2976 722 3032 et
743 2970 879 3033 transire
898 2961 1014 3033 dehac
1030 2968 1098 3031 vita
1120 2968 1156 3029 in

217 3056 316 3130 aliam
339 3058 448 3119 vitam.
497 3057 532 3120 id
559 3052 697 3121 habetur
725 3078 744 3119 a
770 3056 887 3138 spiritu
914 3063 1024 3121 sancto
1054 3057 1156 3119 effuso

216 3164 312 3223 super
352 3164 482 3207 omnem
520 3166 659 3209 carnem.
717 3146 746 3209 is
783 3146 879 3211 saciet
916 3153 953 3210 ut
991 3147 1157 3210 invocetur

216 3253 336 3295 nomen
359 3232 487 3295 domini
507 3242 565 3298 etc.
583 3234 681 3298 Vide
696 3235 844 3299 Paulum
857 3236 913 3299 Ro.
942 3236 992 3298 10.
1017 3255 1058 3297 ex
1081 3230 1156 3296 mis·

217 3323 307 3384 sione
345 3322 477 3401 spiritus
515 3323 711 3404 praedicatio
749 3326 801 3401 fit,
841 3345 881 3387 ex
919 3323 1157 3405 praedicatione

218 3410 362 3486 auditus,
399 3413 584 3497 exauditu
615 3412 709 3489 fides,
745 3434 786 3477 ex
815 3414 878 3477 fide
907 3407 1068 3477 invocatio
1096 3417 1154 3475 etc.

171 3545 176 3556 ,
218 3498 305 3560 salus
329 3505 437 3562 nostra
459 3508 524 3565 stat
546 3503 582 3564 in
604 3502 723 3565 virtute
746 3500 798 3565 dei
822 3502 981 3565 mittentis
1004 3500 1156 3581 spiritum

222 3799 224 3803 A
309 3747 335 3812 1)
353 3763 378 3799 v.
398 3746 441 3806 aa.
479 3746 507 3814 a)
526 3746 633 3814 rnapa
652 3746 698 3801 aa
719 3747 782 3800 vu.
792 3748 825 3801 A.
846 3718 945 3802 usois
