2584 4267
7 3035 21 3152 ἱ

7 3154 24 3218 l

7 3222 15 3269 ,1

7 3277 12 3331 Ἰ

9 3741 14 3771 ι

1119 270 1453 351 propheta.
2096 266 2223 332 517

347 445 736 527 nopolitanis
749 444 810 524 ,†
890 445 1050 509 dum
1118 441 1442 511 Turcam¹·
1517 447 1643 511 sibi
1716 449 1788 510 in
1856 448 2227 512 societatem

348 534 811 612 adiunxerant,
894 536 1089 618 paulo
1155 543 1305 617 post
1371 537 1614 599 Turoae
1681 537 2003 600 tributarii
2071 537 2227 601 faeti

347 629 518 686 sunt.
613 622 719 688 Sic
775 643 967 706 saepe
1037 626 1271 688 nostris
1328 644 1585 706 quoque
1629 625 2027 707 temporibus
2074 644 2225 689 cum

314 712 730 794 *imperatore
774 719 842 776 et
884 733 1057 795 papa
1100 714 1316 779 evenit
1330 763 1345 790 ,
1404 721 1481 778 ut
1524 715 1684 778 dum
1727 715 2074 796 imperator
2118 734 2224 795 pa·

264 812 271 816 ·
345 820 501 882 pam
558 801 906 865 confideret
961 823 1002 864 a
1045 822 1114 865 se
1171 807 1338 867 stare
1356 852 1371 879 ,
1444 803 1575 867 icto
1636 803 1879 866 scilicet
1937 802 2221 867 foedere:

347 909 496 952 cum
551 889 636 952 ad
694 911 830 954 rem
887 897 1156 955 ventum
1210 898 1312 956 est
1325 941 1341 969 ,
1354 886 1380 924 ²
1434 912 1608 974 papa
1662 896 1912 970 mutato
1958 891 2226 955 consilio

345 977 717 1044 adversatus
763 985 861 1042 est
891 979 1144 1044 Caesari
1189 987 1309 1044 etc.
1400 980 1587 1044 Idem
1631 986 1696 1044 et
1722 979 1949 1043 Iudaei
1978 979 2227 1061 experti

344 1074 526 1143 sunt,
575 1067 735 1130 dum
779 1069 1266 1132 Rhomanorum
1311 1070 1668 1133 amicitiam
1714 1069 2033 1133 ambirent
2048 1117 2063 1144 ,
2110 1087 2223 1149 pu-

344 1160 590 1232 tantes,
653 1175 722 1220 se
780 1158 1053 1221 victores
1097 1177 1398 1222 evasuros
1444 1164 1667 1222 contra
1710 1177 1934 1220 omnes
1981 1163 2222 1236 gentes,

344 1263 507 1324 quos
567 1245 938 1309 auxiliarios
995 1247 1332 1329 cupierant
1347 1296 1361 1324 ,
1434 1246 1653 1310 statim
1712 1246 2011 1309 dominos
2072 1249 2228 1308 sunt

346 1333 612 1414 experti.
707 1330 828 1398 *Et
885 1335 1010 1398 hoc
1066 1336 1205 1399 loco
1251 1335 1427 1416 quod
1482 1335 1955 1416 elegantissime
2000 1334 2228 1397 dicunt

343 1420 534 1486 latini
576 1422 873 1486 homines
904 1418 1305 1503 quaerendos
1351 1443 1488 1488 esse
1536 1423 1862 1505 amicos††
1906 1442 2113 1505 pares,
2162 1428 2229 1484 et

347 1510 708 1575 cavendum
754 1532 891 1575 esse
908 1554 919 1561 κ
937 1533 978 1575 a
1020 1513 1509 1595 potentioribus

712 1671 984 1734 Perdam
1031 1672 1354 1754 sapientes
1400 1672 1481 1735 de
1524 1671 1855 1734 Idumaea.

522 1776 670 1841 Non
716 1778 925 1840 solum
969 1774 1311 1841 externum
1355 1777 1782 1859 praesidium,
1832 1797 2043 1854 arma,
2091 1779 2225 1842 vim

346 1865 741 1930 munitiones
785 1856 1071 1930 minatur
1115 1886 1183 1930 se
1229 1866 1614 1943 ablaturum,
1662 1887 1745 1928 ne
1787 1867 2042 1948 possint
2086 1887 2224 1930 esse

345 1955 490 2031 tuti,
525 1955 639 2018 sed
678 1962 743 2019 et
765 1956 1086 2036 sapientes
1117 1949 1217 2018 et³
1256 1955 1608 2036 prudentes
1636 1955 1952 2031 homines,
1956 1951 2026 1990 ³¹³*
2056 1956 2227 2018 010111

347 2049 412 2106 01
442 2043 617 2106 Esau
662 2043 806 2120 fuit,
855 2044 970 2107 sed
1013 2045 1135 2108 hos
1180 2062 1407 2108 omnes
1452 2043 1611 2116 dicit
1655 2063 1722 2107 se
1751 2043 2225 2109 infatuaturum

348 2137 413 2194 et
455 2132 876 2212 perditurum.
991 2133 1142 2195 Huc
1208 2139 1506 2214 spectant
1556 2133 1802 2215 passim
1859 2133 2024 2195 mihi
2079 2133 2223 2195 scri-

347 2225 574 2301 pturae
631 2221 757 2283 loci
812 2220 892 2283 de
947 2221 1323 2285 confusione
1369 2221 1722 2303 sapientiae
1766 2222 2093 2284 humanae
2134 2227 2228 2283 -et

348 2309 757 2372 consiliorum
792 2309 1020 2373 carnis.
1066 2311 1280 2372 Psalm
1316 2311 1442 2373 106
1463 2309 1603 2390 rl-H·
1644 2310 1913 2373 Turbati
1943 2317 2113 2386 sunt,
2162 2316 2228 2372 et

347 2397 508 2460 moti
553 2404 706 2461 sunt
749 2399 916 2462 siout
958 2399 1172 2462 ebrius
1190 2449 1204 2476 ‚
1266 2405 1333 2462 et
1375 2399 1588 2462 omnis
1634 2399 1951 2480 sapientia
2002 2415 2226 2462 eorum

350 2484 651 2549 devorata
680 2493 794 2550 est.
865 2488 951 2550 Et
978 2483 1232 2550 Psalmo
1281 2488 1367 2549 32
1382 2485 1563 2568 τ-Η-Η·
1606 2489 1923 2551 Dominus
1954 2488 2229 2568 dissipat

349 2571 616 2637 consilia
660 2576 968 2655 gentium.
1058 2576 1239 2639 Adeo
1301 2597 1434 2639 non
1486 2581 1701 2657 potest
1755 2595 1900 2638 caro
1952 2577 2025 2638 in
2069 2581 2224 2638 tem-

346 2683 500 2743 pore
576 2664 951 2727 tentationis
1027 2664 1291 2729 001101110
1380 2670 1445 2728 01
1511 2663 1829 2745 sapientia
1909 2682 2027 2726 sua
2102 2663 2228 2728 sibi

346 2748 723 2814 mederi.***

525 2959 577 3030 ·)
613 2964 746 3019 unet
782 2968 870 3019 ben
905 2964 1067 3032 teuffet
1103 2974 1154 3034 et)
1155 2979 1192 3019 11
1228 2964 1448 3046 1119131311
1468 2963 1701 3045 flfjattem
1723 2961 1809 3028 tit
1847 2966 1927 3016 ber
1950 2961 2088 3029 mirtb
2114 2963 2224 3031 §eun

346 3030 468 3100 nicht
501 3031 712 3103 teiqttid)
748 3035 846 3104 ἰοῦ.
923 3033 1006 3103 **)
1045 3035 1333 3110 sapientia
1370 3032 1578 3086 carnis.
1654 3031 1713 3063 *¹⁸¹
1717 3032 1767 3099 Ι“)
1806 3032 1981 3086 Esaia
2016 3031 2102 3087 46.

529 3228 583 3297 1)
611 3229 751 3284 dum
770 3229 990 3282 socium
1016 3227 1128 3282 sibi
1153 3227 1477 3294 adiungunt
1499 3228 1759 3296 Turcam,
1782 3231 1911 3281 tum
1936 3227 2226 3280 crudelem

344 3298 648 3353 dominum
697 3300 922 3366 experti
968 3302 1118 3353 sunt.
1209 3297 1266 3367 2)
1306 3302 1473 3353 esset.
1564 3297 1623 3366 3)
1670 3298 1858 3352 deest.
1908 3297 2224 3366 prudentes

346 3370 628 3424 homines.
701 3369 961 3436 Legitur.
1013 3369 1118 3424 sed
1167 3373 1228 3424 et
1272 3370 1567 3437 sapientes
1614 3370 1717 3437 qui
1754 3369 1993 3423 consilio
2029 3367 2226 3422 adsint

345 3441 600 3495 motibus
636 3441 783 3495 10110.
854 3439 1079 3495 Habuit
1113 3440 1272 3494 enim
1305 3441 1453 3496 haec
1486 3444 1643 3518 terra
1678 3440 1970 3508 sapientes
2006 3443 2065 3492 et
2097 3455 2225 3507 pru-

344 3511 553 3569 dentes
588 3511 872 3580 nomines,
912 3511 1061 3564 sicut
1096 3526 1222 3579 sqq.

379 3664 383 3667 ’
524 3668 581 3737 †)
602 3667 1243 3739 constantinopolitani·
1281 3669 1375 3740 ††)
1400 3669 1590 3728 Amici
1615 3686 1798 3740 pares.
1834 3667 2223 3738 ι1··1··1·)Ρο.106.

345 3736 509 3808 ††††)
545 3741 741 3794 Psalm
776 3739 863 3794 32.
