2584 4267
414 320 512 383 Joelis
535 322 719 403 prophatae.
973 325 1035 387 159

115 506 198 563 antea
218 518 275 580 per
304 504 522 579 portentosam
551 499 722 562 noxiorum
743 499 903 563 vermium
932 501 1036 564 multi·

114 588 248 652 tudinem
270 607 391 669 magna
412 606 558 651 annonae
581 588 746 651 calamitas
769 588 935 652 acciderat.
974 590 1038 653 Sed

113 677 205 740 securi
226 675 329 739 animi
350 676 538 757 praeteritae
561 676 752 740 calamitatis
774 677 867 740 facile
883 678 976 741 obliti
997 677 1037 741 de

114 766 225 841 sutura,
264 784 365 845 quam
402 765 559 847 propheta
595 766 789 842 minabatur,
828 767 912 829 nihil
947 773 1039 830 erant

114 852 240 930 solliciti,
263 853 417 918 vivebant
438 853 473 917 in
495 852 627 930 deliciis,
651 854 864 934 indulgebant
886 874 1037 919 commes-

114 942 296 1021 sationibus,
320 941 460 1022 agebant
481 942 663 1024 triumphos
686 962 723 1005 ac
745 943 774 1006 si
795 942 878 1005 nihil
899 963 1039 1024 usquam

115 1037 187 1094 esset
210 1031 346 1112 periculi
375 1037 408 1094 et
434 1038 520 1094 certo
549 1031 702 1094 omnibus
731 1032 825 1094 malis
853 1038 961 1095 essent
987 1031 1038 1094 de·

115 1120 215 1183 hmcti.
242 1120 358 1199 Itaque
372 1119 518 1182 incautos
533 1119 694 1201 oppressit
707 1120 818 1183 hostis.
847 1120 1040 1202 Experimur

116 1208 216 1270 eadem
244 1208 342 1271 hodie
377 1227 505 1288 quoque
538 1208 609 1271 loca
641 1208 748 1272 vicina
781 1209 918 1284 Tureae,
957 1228 1040 1289 quae

117 1297 198 1376 quasi
219 1296 254 1358 in
277 1296 401 1360 foribus
429 1297 557 1360 hostem
579 1295 707 1373 vident,
737 1316 837 1377 quam
866 1297 949 1359 nihil
977 1316 1040 1359 me·

116 1386 223 1447 luunt?
257 1404 358 1465 quam
387 1392 567 1465 sequuntur
593 1391 626 1449 et
647 1385 788 1449 retinent
809 1385 925 1467 cupide
945 1392 1040 1456 notas

117 1493 148 1537 ac
167 1473 298 1537 usitatas
325 1475 504 1560 uoluptates
535 1479 567 1538 et
595 1473 751 1561 delicias?
795 1474 885 1537 Adeo
915 1493 1041 1556 semper

115 1561 159 1624 sui
178 1562 290 1626 similis
314 1569 363 1628 est
384 1563 537 1639 mundus,
562 1582 637 1626 oum
659 1562 788 1653 iubetur
808 1564 1042 1645 poenitentiam

117 1670 212 1729 agere,
246 1651 355 1714 dolere
388 1651 430 1714 ds
464 1652 619 1733 peccatis,
655 1671 864 1733 expavescere
897 1652 980 1713 iram
1009 1659 1042 1715 et

117 1738 259 1803 iudicium
281 1739 346 1817 dei,
370 1741 437 1820 agit
452 1760 581 1804 securus
603 1740 707 1817 ludos,
731 1740 878 1820 indulget
899 1742 1041 1821 volupta-

118 1828 201 1891 tibus.
244 1828 362 1892 Mcrito
389 1829 488 1909 igitur
515 1848 590 1891 cum
618 1835 731 1910 postea
763 1829 924 1909 premitur
948 1828 1041 1891 malis

119 1923 146 1978 et
163 1924 289 1997 urgetur
311 1917 474 2000 periculis,
503 1936 541 1979 ac
569 1917 714 1997 erigendi
738 1916 806 1979 iam
828 1916 930 1978 animi
951 1921 1042 1979 erant

119 2004 221 2068 fiducia
241 2005 479 2069 misericordiae
502 2004 564 2083 dei,
588 2008 696 2069 nullus
717 2005 947 2068 lachrimarum
967 2003 1041 2067 finis

120 2099 167 2156 aut
184 2095 299 2158 modus
322 2099 380 2172 est,
405 2100 437 2157 et
458 2114 579 2177 pronus
602 2096 638 2156 in
661 2094 916 2175 desperationem
931 2092 1040 2155 fertur.

121 2180 174 2243 Gur
203 2184 291 2247 enim
324 2203 392 2247 non
424 2184 516 2247 audit
541 2184 773 2265 prophetarum
801 2183 872 2264 pias
900 2180 1042 2244 admem-

121 2269 232 2334 tiones?
278 2272 344 2335 Our
365 2272 470 2335 minas
493 2278 562 2335 tam
589 2291 698 2335 secure
727 2270 926 2334 contemnit?
970 2270 1043 2333 Non

122 2356 203 2436 igitur
223 2362 327 2425 otiosa
348 2362 428 2424 haec
451 2362 581 2442 copiosa
602 2360 644 2422 ad
665 2360 836 2442 lachrimas
866 2365 899 2422 ct
919 2360 1044 2422 luctum

124 2446 287 2513 exhortatio
310 2455 368 2513 est.
414 2449 474 2512 aa
496 2468 623 2511 summe
645 2448 832 2525 necessaria,
857 2467 1045 2529 quanquam

122 2532 176 2597 iere
195 2537 314 2602 frustra
336 2542 385 2600 est
407 2538 495 2618 apud
516 2538 695 2602 maximam
716 2536 887 2600 hominum
908 2542 1042 2617 partem.

76 2619 80 2632 '
123 2622 209 2688 Alunt
235 2627 326 2690 enim
348 2626 567 2703 securitatem,
599 2644 681 2705 quae
710 2644 803 2688 verae
829 2624 1045 2706 poenitentiae

123 2713 246 2778 maxime
282 2714 477 2779 adversatur.
534 2714 752 2777 Poenitentiae
789 2714 877 2775 enim
913 2712 1045 2774 initium

123 2805 164 2862 cst
192 2822 361 2883 agnoscere
393 2808 579 2886 peccatum,
609 2795 819 2884 perterrefieri
844 2799 963 2862 iudicio
992 2798 1046 2860 dei

124 2904 155 2948 aa
173 2898 257 2955 metu
280 2892 413 2955 meritae
428 2911 574 2974 poenae,
605 2897 638 2953 et
667 2890 806 2969 cogitare
834 2888 875 2949 de
898 2886 1045 2949 emenda·

123 2974 211 3056 tione,
245 2982 331 3045 sicut
362 2982 537 3067 prophetae
567 2979 726 3061 copiosius
756 2982 905 3059 exponet.
952 2973 1046 3048 Quod

123 3061 203 3130 dicit:
226 3070 392 3133 Gaudium
413 3069 553 3132 filiorum
574 3067 746 3131 hominum
767 3066 803 3129 in
825 3064 1047 3128 confusionem

125 3169 237 3219 versum
260 3164 324 3233 est,
351 3158 387 3221 in
416 3176 530 3239 genere
546 3155 949 3239 complectiturannonae
972 3152 1046 3215 cari·

124 3242 220 3320 tatem,
243 3251 355 3309 natam
377 3266 444 3309 non
466 3248 571 3310 solum
594 3266 634 3307 ex
649 3249 849 3327 tempestate,
873 3242 930 3306 sed
944 3242 1048 3323 magis

127 3344 162 3389 ex
180 3335 340 3398 numerosi
367 3340 401 3399 et
429 3333 566 3397 crudelis
594 3334 696 3397 hostis
724 3333 832 3396 furore
853 3330 964 3395 omnia
984 3331 1048 3397 late

172 3421 298 3505 suanus
321 3429 354 3487 et
375 3423 540 3490 vastantis.
585 3422 670 3485 Nam
692 3422 804 3485 colono
831 3421 952 3501 gratius
975 3440 1048 3500 gau-

173 3526 209 3570 un
235 3511 333 3575 obiici
361 3531 429 3574 non
457 3517 576 3592 potest,
608 3529 707 3591 quam
734 3510 763 3573 si
791 3509 900 3574 videat
920 3509 1048 3573 benedi-

173 3614 221 3660 cne
247 3598 373 3663 domini
395 3605 525 3663 ornatus
548 3620 641 3679 agros
669 3618 754 3663 auos.
800 3599 862 3662 Sed
887 3599 950 3661 hoc
976 3616 1048 3676 gau·

173 3701 210 3747 un
229 3687 264 3751 in
285 3694 391 3752 totum
413 3688 516 3770 periit.
563 3688 650 3752 Cur?
696 3687 780 3763 Quia
801 3686 903 3752 securi
924 3684 1050 3748 vixistis

180 3777 320 3854 peccatis,
344 3776 575 3859 prophetarum
596 3778 668 3859 pias
691 3776 925 3840 admonitiones
947 3772 1049 3851 negle-
