2584 4267
403 1182 682 1258 Amos
742 1178 1312 1258 PROPHETA.
1422 1179 1659 1259 DOG.
1714 1181 1816 1257 M.
1874 1181 1963 1257 L.

1071 1357 1287 1367 ———

433 1498 614 1566 ¹sNon
682 1502 874 1562 aliam
922 1502 1002 1562 nb
1054 1518 1313 1563 eausam
1358 1500 1690 1581 aggredior
1731 1501 1903 1566 hane
1946 1519 2122 1584 prae-

251 1588 587 1653 lectionem
630 1589 759 1654 nisi
802 1595 877 1653 ut
919 1588 1190 1653 verbum
1232 1589 1307 1652 in
1350 1589 1537 1654 nobie
1583 1589 1886 1668 abundet,
1933 1597 2009 1654 ut
2051 1590 2122 1654 in

252 1677 506 1758 hymnis
564 1684 632 1743 et
684 1677 951 1763 psalmis
998 1677 1158 1741 deus
1201 1676 1517 1756 laudetur,
1573 1685 1650 1742 ut
1702 1679 1888 1762 eopia
1943 1679 2123 1745 verbi

252 1765 411 1853 adeit
455 1773 524 1831 et
564 1767 849 1844 divitiae,
895 1766 1131 1832 iuvabo
1175 1772 1498 1847 quantum
1540 1773 1780 1850 potero.

1041 1920 1292 1990 Verba²
1314 1951 1329 1989 :

252 2035 561 2117 propheta
625 2035 736 2099 hie
795 2034 1372 2116 contemporaneus
1431 2038 1530 2097 eet
1590 2032 1790 2098 Ozeae
1858 2039 1923 2097 et
1982 2055 2121 2115 pro-

252 2122 469 2204 phetat
537 2129 762 2188 contra
814 2124 1104 2200 eosdem,
1175 2127 1398 2187 contra
1462 2141 1734 2204 regnum
1787 2123 2120 2205 Ephraim,

252 2214 543 2292 quamvis
610 2234 746 2277 non
812 2218 1034 2276 utatur
1098 2210 1437 2290 vooabu10,
1513 2212 1674 2275 item
1747 2211 1829 2275 de
1896 2211 2123 2276 eadem

253 2301 610 2366 calamitate
676 2301 897 2366 futura
962 2321 1095 2383 qua
1159 2300 1375 2364 Ozeae.
1475 2299 1650 2363 Deus
1715 2301 2123 2382 praemittere

252 2388 403 2455 solet
449 2411 600 2455 suos
645 2392 994 2474 prophetae
1040 2395 1106 2454 et
1149 2389 1421 2453 nuncios
1465 2389 1720 2454 mittere
1738 2440 1754 2468 ,
1816 2390 1932 2472 qui
1977 2409 2119 2454 oon-

252 2485 499 2543 vertant
564 2478 759 2544 corda
823 2477 1232 2560 quorundam
1248 2527 1263 2556 ‚
1341 2478 1604 2559 quando
1669 2480 1810 2544 vult
1877 2477 2122 2560 aliquid

251 2565 455 2630 faeere
470 2617 484 2644 ‚
555 2568 649 2632 eie
704 2567 917 2632 hodie.
1012 2567 1177 2630 Cum
1242 2566 1512 2631 instaret
1575 2568 1848 2632 vastatio
1901 2566 2118 2645 Israel,

252 2675 375 2719 non
432 2657 655 2721 omisit
710 2657 872 2740 quin
923 2662 1217 2720 moneret
1273 2654 1434 2719 deus
1489 2661 1554 2719 et
1621 2662 1938 2734 avocaret,
2010 2655 2123 2719 sed

252 2744 419 2823 quod
467 2744 701 2809 accidit
744 2766 919 2809 nuno
936 2796 949 2823 ‚
1011 2744 1105 2809 ita
1154 2752 1316 2809 tunc
1374 2742 1608 2807 accidit
1647 2745 1841 2808 verbo
1856 2793 1871 2822 ,
1931 2744 2125 2825 pauci

254 2831 485 2897 adeunt
501 2883 517 2912 ,
598 2840 1117 2911 contemnuntur,
1208 2831 1751 2917 blasspstmnanmr]
1774 2882 1788 2909 ‚
1880 2833 2123 2913 vitupe-

253 2927 489 3000 rantur,
535 2923 843 2987 ridentur.
914 2922 1008 2987 sio
1051 2929 1210 2987 tunc
1252 2920 1524 2987 verbum
1561 2920 1697 2984 ride
1705 2919 1940 3002 [batur-J,
1988 2921 2122 2984 imo

253 3008 794 3076 interficiebantur
846 3014 1216 3095 prophetae.
1311 3010 1416 3073 Sic
1483 3015 1581 3074 eet
1647 3029 1870 3073 oureus
1922 3008 2121 3073 verbi.

255 3097 643 3182 Exemplum
714 3101 925 3174 hodie,
983 3101 1298 3165 videmus.
1431 3098 1730 3162 Summa:
1809 3099 2124 3181 corripere

255 3188 565 3270 populum
582 3239 597 3267 ,
660 3189 1006 3253 admonere
1067 3188 1151 3252 ad
1206 3187 1674 3270 poenitentiam
1724 3194 1984 3270 propter
2027 3188 2120 3251 fu-

254 3279 464 3339 turam
508 3277 1005 3361 diremptionem
1049 3276 1292 3360 populi.
1386 3276 1731 3359 prophetat
1781 3278 1854 3341 in
1898 3278 2120 3341 floren·

255 3363 500 3430 “ssimo
567 3372 854 3448 tempore
921 3366 992 3430 id
1059 3366 1235 3446 quod
1308 3365 1595 3428 maxime
1670 3366 1834 3430 solet
1898 3385 2123 3430 nocere

304 3454 445 3516 erbo
490 3461 607 3518 eto.

369 3606 381 3622 ‚
437 3535 552 3606 ⁸In
623 3543 788 3607 libro
862 3536 1124 3623 regum⁴
1206 3540 1289 3606 de
1364 3541 1668 3608 felicitate
1744 3542 2124 3606 Iheroboam

430 3733 484 3802 1>
522 3734 737 3803 Incipit
772 3735 867 3789 f01.
904 3735 991 3789 30.
1013 3736 1079 3788 B.
1118 3734 1309 3790 Meci.
1384 3734 1441 3803 2>
1478 3754 1531 3792 v.
1573 3735 1622 3790 1.
1682 3732 1740 3801 3>
1777 3732 1992 3801 Incipit
2026 3733 2123 3787 τοι.

310 3800 423 3858 LA
461 3804 650 3875 Msoi.
723 3805 781 3875 4)
819 3806 869 3861 2.
908 3808 1043 3873 Reg.
1085 3804 1170 3876 14,
1196 3805 1282 3860 25.
