2584 4267
238 303 302 366 208
344 393 355 406 p
573 301 678 383 Caput
699 300 831 363 tertium
936 333 941 344 ·

236 479 310 543 visti
339 479 583 542 concionantem
612 477 654 542 de
682 478 822 559 peccatis
853 477 905 538 sui
933 479 1049 560 populi
1077 481 1174 547 etde

235 568 347 648 poenis
376 569 495 649 partim
516 568 583 632 iam
612 567 744 630 inflictis
773 565 893 647 partim
921 567 1109 647 infligendis
1136 589 1174 634 ac

235 656 458 720 exhortantem
492 656 534 718 ad
571 655 804 738 poenitentiam
837 660 870 717 et
906 657 1173 736 promissionibus

159 764 163 771 ·
234 744 441 808 invitantem:
472 746 523 808 lta
544 765 639 827 porro
662 743 773 807 audies
797 744 1029 823 evangelistam
1052 766 1094 808 ex
1114 747 1173 828 spi-

235 833 299 896 ritu
325 840 435 898 sancto
465 833 633 897 docentem
663 833 703 895 de
732 852 831 912 regno
862 831 981 896 Christi
1015 835 1052 896 in
1087 835 1173 898 terris

234 921 352 998 futuro,
377 923 481 1006 qualis
504 922 547 986 sit
568 922 698 985 futurus
721 921 840 998 doctor,
865 941 964 1001 quem
980 941 1170 1000 successum,

234 1031 315 1091 quos
344 1011 468 1088 hostes,
499 1029 580 1091 quas
608 1010 756 1074 victorias
786 1010 828 1073 sit
854 1010 1034 1074 habiturus.
1087 1013 1174 1075 Haec

234 1118 309 1163 cum
336 1100 423 1180 leges
452 1099 638 1163 memineris
666 1099 850 1162 excellentis
873 1099 968 1175 doni,
1000 1120 1067 1180 quo
1098 1099 1174 1164 dens

233 1188 321 1251 hunc
337 1189 494 1272 populum
509 1188 655 1264 omavit,·
668 1187 734 1250 imo
758 1206 823 1266 quo
839 1188 1007 1250 ecelesiam
1022 1190 1173 1254 omnibus

234 1278 368 1341 saeculis
395 1278 545 1354 servavit,
576 1277 657 1340 aluit
683 1282 716 1341 et
745 1276 845 1339 auxit.
890 1277 963 1339 Hac
992 1277 1084 1342 enim
1107 1299 1172 1361 pro·

233 1367 405 1446 phetaram
427 1386 503 1430 voce
526 1365 657 1428 excitati
678 1365 807 1446 piorum
829 1365 934 1428 animi
954 1366 1006 1445 (ut
1028 1365 1174 1432 Christus

232 1449 410 1532 loquitur¹)
432 1460 624 1534 optaverunt
645 1453 752 1518 videre
775 1453 872 1516 diem
886 1453 1005 1518 Christi
1034 1461 1070 1519 et
1091 1455 1173 1519 vida
1273 1455 1275 1462 '

233 1547 319 1608 runt.
365 1542 581 1623 Expectantes
608 1543 696 1605 enim
723 1548 756 1605 et
783 1542 847 1605 fide
874 1541 1040 1606 credentes
1063 1543 1180 1608 libera.

193 1662 200 1673 ·
233 1630 356 1693 tionem
371 1650 429 1711 per
442 1631 637 1712 promissum
653 1649 763 1694 semen
778 1630 931 1706 futuram,
956 1631 1072 1696 salvati
1087 1639 1173 1696 sunt.

233 1718 323 1782 Sicut
351 1739 410 1782 nos
440 1719 497 1800 qui
526 1719 686 1782 oredimus
716 1720 752 1782 in
781 1738 874 1781 cruce
902 1719 1133 1784 liberationem
1155 1743 1175 1784 a

233 1807 372 1888 peccatis
401 1808 534 1885 factam,
570 1809 714 1871 futuram
748 1814 858 1870 autem
885 1807 1127 1887 liberationem,
1156 1829 1177 1877 a

233 1903 335 1960 morte
358 1897 498 1980 corporis
520 1897 633 1972 huius,
665 1915 740 1960 oum
763 1897 932 1978 apparebit
953 1897 1039 1960 filius
1063 1898 1119 1961 dei
1140 1899 1175 1961 in

233 1985 385 2049 nubibus.
430 1987 515 2048 Nam
543 1986 690 2048 omnium
720 1990 905 2066 temporum
933 1984 1048 2048 eadem
1080 1988 1175 2050 eccle·

232 2068 316 2138 siae²
342 2095 441 2139 ⁴verae
471 2075 551 2138 fides
580 2080 612 2138 et
640 2073 786 2136 doctrina
814 2073 892 2150 suit,
922 2074 982 2151 etsi
1011 2075 1104 2156 quod
1134 2076 1176 2140 ad
1268 2132 1274 2152 ,

232 2165 428 2227 ceremonias
465 2171 498 2228 et
535 2170 702 2226 externam
735 2162 1011 2226 conversationem
1045 2159 1174 2242 attinet,
1271 2159 1274 2244 ἒ

232 2253 368 2316 varietas
397 2253 505 2333 aliqua
532 2252 638 2315 fuerit.
685 2251 811 2316 Primus
845 2251 989 2314 mundus
1017 2251 1061 2314 ad
1093 2253 1176 2316 dilu·

231 2341 321 2404 vium
343 2360 446 2419 usque
468 2340 664 2420 gubernatus
687 2346 736 2403 est
758 2359 815 2421 per
838 2339 1055 2406 ministerium
1070 2343 1176 2420 verbi,
1272 2339 1274 2402 ἓ

231 2428 319 2508 quod
342 2429 435 2507 quasi
450 2447 507 2508 per
521 2447 639 2490 manus
654 2429 789 2490 maiores
804 2429 939 2510 posteris
958 2427 1176 2510 tradiderim,
1272 2457 1274 2486 ι

232 2516 381 2579 docentes
404 2516 444 2579 de
459 2516 582 2580 semine
597 2516 755 2598 promisso
771 2523 803 2580 et
816 2517 950 2581 victoria
964 2518 1033 2581 eius
1061 2526 1179 2582 eontra
1272 2509 1274 2550 ⁷

231 2611 412 2686 serpentem
431 2612 464 2668 et
484 2612 654 2670 monentes
669 2605 709 2668 de
725 2605 874 2670 cavendis
890 2607 1029 2687 peccatis
1049 2613 1082 2670 et
1097 2608 1178 2672 insi·

230 2693 292 2757 diis
307 2693 453 2758 Satanae.
487 2695 682 2759 Habuerunt
696 2694 784 2758 enim
799 2715 859 2757 sua
879 2695 1103 2766 conventicula
1125 2697 1179 2778 pii

229 2789 263 2848 et
295 2791 446 2848 externus
475 2785 580 2848 cultus
614 2783 679 2848 fuit
710 2784 887 2863 gratiarum
920 2784 1002 2846 aetio
1036 2784 1073 2846 in
1108 2785 1177 2848 isto

230 2880 322 2937 coetu
349 2881 382 2938 et
410 2874 530 2938 oblatio
560 2874 600 2937 de
628 2873 669 2937 iis
692 2891 774 2952 quae
797 2871 1020 2935 benedictione
1043 2873 1178 2936 domini

229 2963 364 3046 singulis
387 2964 590 3028 obvenerant.
636 2963 714 3024 Post
740 2961 898 3026 diluvium
930 2980 1005 3024 eum
1027 2962 1177 3026 Abraha-

228 3072 321 3114 mum
350 3051 502 3115 dominus
530 3050 686 3133 singulari
712 3050 877 3114 vocatione
911 3057 1110 3130 segregasset
1140 3057 1178 3116 et

229 3140 479 3204 circumcisionis
502 3141 593 3222 signo
617 3139 818 3202 discrevisset
844 3138 885 3201 ab
914 3139 1066 3202 omnibus
1098 3139 1177 3204 aliis

229 3229 389 3308 gentibus,
412 3229 533 3293 mansit
553 3231 641 3292 idem
656 3227 873 3292 ministerium
887 3246 990 3307 usque
1005 3226 1048 3289 ad
1063 3228 1176 3308 legem

228 3318 264 3379 in
290 3323 400 3380 monte
434 3318 554 3381 datam.
599 3318 652 3381 Ibi
686 3337 752 3380 non
785 3321 914 3380 tantum
943 3314 1173 3395 circumsione,

229 3405 286 3468 sed
308 3407 396 3470 cultu
418 3413 451 3472 et
472 3407 594 3490 politia,
617 3407 684 3470 imo
707 3424 835 3486 quoque
856 3405 926 3468 loco
942 3404 1051 3470 divino
1067 3406 1171 3470 cultui

229 3495 401 3572 destinato,
436 3505 469 3561 et
502 3497 595 3560 certis
629 3495 773 3577 personis
803 3493 905 3558 cultui
932 3493 1171 3575 praeficiendis,

228 3634 443 3647 -u—n-——-

262 3777 281 3829 d
318 3704 344 3774 1)
363 3706 437 3760 Ien.:
456 3707 555 3762 Ioann.
573 3704 599 3760 3.
637 3703 666 3772 2)
685 3703 813 3758 Ecclesia
831 3702 965 3758 omnibus
983 3703 1171 3772 temporibus
1270 3693 1271 3750 ἶ

228 3792 261 3830 ea
282 3793 337 3830 em.
1270 3803 1271 3810 κ
