<?xml version="1.0" encoding="UTF-8"?>
<!DOCTYPE html PUBLIC "-//W3C//DTD XHTML 1.0 Transitional//EN"
    "http://www.w3.org/TR/xhtml1/DTD/xhtml1-transitional.dtd">
<html xmlns="http://www.w3.org/1999/xhtml" xml:lang="en" lang="en">
 <head>
  <title>
</title>
<meta http-equiv="Content-Type" content="text/html;charset=utf-8" />
  <meta name='ocr-system' content='tesseract 3.04.00' />
  <meta name='ocr-capabilities' content='ocr_page ocr_carea ocr_par ocr_line ocrx_word'/>
</head>
<body>
  <div class='ocr_page' id='page_1' title='image "./exegeticaoperal12luthgoog_0383.png"; bbox 0 0 2584 4267; ppageno 0'>
   <div class='ocr_carea' id='block_1_1' title="bbox 259 289 843 368">
    <p class='ocr_par' dir='ltr' id='par_1_1' title="bbox 259 289 843 368">
     <span class='ocr_line' id='line_1_1' title="bbox 259 289 843 368; baseline -0.01 -12"><span class='ocrx_word' id='word_1_1' title='bbox 259 291 323 356; x_wconf 85' lang='lat'>372</span> <span class='ocrx_word' id='word_1_2' title='bbox 605 289 843 368; x_wconf 89' lang='lat' dir='ltr'>Prolegomena.</span> 
     </span>
    </p>
   </div>
   <div class='ocr_carea' id='block_1_2' title="bbox 228 463 1238 3834">
    <p class='ocr_par' dir='ltr' id='par_1_2' title="bbox 257 463 1238 1614">
     <span class='ocr_line' id='line_1_2' title="bbox 259 463 1200 551; baseline -0.006 -18"><span class='ocrx_word' id='word_1_3' title='bbox 259 477 292 533; x_wconf 90' lang='lat' dir='ltr'>et</span> <span class='ocrx_word' id='word_1_4' title='bbox 318 468 549 551; x_wconf 87' lang='lat' dir='ltr'>prodigialibus</span> <span class='ocrx_word' id='word_1_5' title='bbox 576 465 850 529; x_wconf 80' lang='lat' dir='ltr'><strong>exsecrationibus</strong></span> <span class='ocrx_word' id='word_1_6' title='bbox 885 484 961 528; x_wconf 92' lang='lat' dir='ltr'>eum</span> <span class='ocrx_word' id='word_1_7' title='bbox 993 463 1200 528; x_wconf 83' lang='lat' dir='ltr'>dimiserrrnt.</span> 
     </span>
     <span class='ocr_line' id='line_1_3' title="bbox 257 553 1202 640; baseline -0.007 -18"><span class='ocrx_word' id='word_1_8' title='bbox 257 560 333 640; x_wconf 90' lang='lat' dir='ltr'>Ipse</span> <span class='ocrx_word' id='word_1_9' title='bbox 366 559 402 620; x_wconf 93' lang='lat' dir='ltr'>in</span> <span class='ocrx_word' id='word_1_10' title='bbox 437 555 571 639; x_wconf 88' lang='lat' dir='ltr'>epistola</span> <span class='ocrx_word' id='word_1_11' title='bbox 604 553 646 617; x_wconf 89' lang='lat' dir='ltr'>ad</span> <span class='ocrx_word' id='word_1_12' title='bbox 683 556 968 635; x_wconf 86' lang='lat' dir='ltr'>Argentoratenses</span> <span class='ocrx_word' id='word_1_13' title='bbox 1001 555 1107 618; x_wconf 86' lang='lat' dir='ltr'>missa</span> <span class='ocrx_word' id='word_1_14' title='bbox 1140 553 1202 632; x_wconf 86' lang='lat' dir='ltr'>sibi</span> 
     </span>
     <span class='ocr_line' id='line_1_4' title="bbox 260 642 1201 728; baseline -0.005 -18"><span class='ocrx_word' id='word_1_15' title='bbox 260 647 447 728; x_wconf 89' lang='lat' dir='ltr'>gratulatur,</span> <span class='ocrx_word' id='word_1_16' title='bbox 483 643 570 725; x_wconf 93' lang='lat' dir='ltr'>quod</span> <span class='ocrx_word' id='word_1_17' title='bbox 598 643 793 707; x_wconf 82' lang='lat' dir='ltr'>furibundae</span> <span class='ocrx_word' id='word_1_18' title='bbox 827 643 1012 724; x_wconf 82' lang='lat' dir='ltr'>plebeculae</span> <span class='ocrx_word' id='word_1_19' title='bbox 1046 663 1067 705; x_wconf 90' lang='lat' dir='ltr'>a</span> <span class='ocrx_word' id='word_1_20' title='bbox 1100 642 1201 705; x_wconf 82' lang='lat' dir='ltr'>Carol-</span> 
     </span>
     <span class='ocr_line' id='line_1_5' title="bbox 259 730 1202 800; baseline -0.006 0"><span class='ocrx_word' id='word_1_21' title='bbox 259 735 364 800; x_wconf 90' lang='lat' dir='ltr'>stadio</span> <span class='ocrx_word' id='word_1_22' title='bbox 393 733 544 796; x_wconf 74' lang='lat' dir='ltr'>incitatae</span> <span class='ocrx_word' id='word_1_23' title='bbox 573 752 591 795; x_wconf 91' lang='lat' dir='ltr'>e</span> <span class='ocrx_word' id='word_1_24' title='bbox 625 733 778 796; x_wconf 88' lang='lat' dir='ltr'>manibus</span> <span class='ocrx_word' id='word_1_25' title='bbox 812 733 948 797; x_wconf 82' lang='lat' dir='ltr'>evaserit</span> <span class='ocrx_word' id='word_1_26' title='bbox 981 730 1138 797; x_wconf 89' lang='lat' dir='ltr'>conviciis</span> <span class='ocrx_word' id='word_1_27' title='bbox 1171 738 1202 794; x_wconf 92' lang='lat' dir='ltr'>et</span> 
     </span>
     <span class='ocr_line' id='line_1_6' title="bbox 260 820 1199 905; baseline -0.004 -19"><span class='ocrx_word' id='word_1_28' title='bbox 260 821 545 905; x_wconf 78' lang='lat' dir='ltr'>imprecationibus</span> <span class='ocrx_word' id='word_1_29' title='bbox 575 822 655 885; x_wconf 90' lang='lat' dir='ltr'>satis</span> <span class='ocrx_word' id='word_1_30' title='bbox 683 822 865 886; x_wconf 85' lang='lat' dir='ltr'>infestatus.</span> <span class='ocrx_word' id='word_1_31' title='bbox 912 820 1038 895; x_wconf 78' lang='lat' dir='ltr'>Quibus</span> <span class='ocrx_word' id='word_1_32' title='bbox 1074 820 1199 883; x_wconf 83' lang='lat' dir='ltr'>seditio</span> 
     </span>
     <span class='ocr_line' id='line_1_7' title="bbox 260 906 1238 993; baseline -0.002 -19"><span class='ocrx_word' id='word_1_33' title='bbox 260 913 357 974; x_wconf 87' lang='lat' dir='ltr'>nibus</span> <span class='ocrx_word' id='word_1_34' title='bbox 380 917 413 975; x_wconf 92' lang='lat' dir='ltr'>et</span> <span class='ocrx_word' id='word_1_35' title='bbox 435 910 575 993; x_wconf 82' lang='lat' dir='ltr'>politicis</span> <span class='ocrx_word' id='word_1_36' title='bbox 598 916 631 973; x_wconf 90' lang='lat' dir='ltr'>ct</span> <span class='ocrx_word' id='word_1_37' title='bbox 653 910 875 974; x_wconf 86' lang='lat' dir='ltr'>ecclesiasticis</span> <span class='ocrx_word' id='word_1_38' title='bbox 898 909 991 973; x_wconf 89' lang='lat' dir='ltr'>valde</span> <span class='ocrx_word' id='word_1_39' title='bbox 1021 909 1201 973; x_wconf 86' lang='lat' dir='ltr'>concitatus</span> <span class='ocrx_word' id='word_1_40' title='bbox 1233 906 1238 953; x_wconf 90' lang='lat'>.·</span> 
     </span>
     <span class='ocr_line' id='line_1_8' title="bbox 259 999 1202 1081; baseline -0.003 -18"><span class='ocrx_word' id='word_1_41' title='bbox 259 1021 319 1063; x_wconf 91' lang='lat' dir='ltr'>nec</span> <span class='ocrx_word' id='word_1_42' title='bbox 342 1019 409 1064; x_wconf 92' lang='lat' dir='ltr'>non</span> <span class='ocrx_word' id='word_1_43' title='bbox 423 999 540 1064; x_wconf 89' lang='lat' dir='ltr'>intimo</span> <span class='ocrx_word' id='word_1_44' title='bbox 556 1005 685 1081; x_wconf 84' lang='lat' dir='ltr'>pectore</span> <span class='ocrx_word' id='word_1_45' title='bbox 701 1001 909 1064; x_wconf 85' lang='lat' dir='ltr'>contristatus</span> <span class='ocrx_word' id='word_1_46' title='bbox 920 999 1202 1078; x_wconf 88' lang='lat' dir='ltr'>Vuittembergam</span> 
     </span>
     <span class='ocr_line' id='line_1_9' title="bbox 260 1087 1202 1171; baseline -0.002 -19"><span class='ocrx_word' id='word_1_47' title='bbox 260 1108 405 1154; x_wconf 89' lang='lat' dir='ltr'>reversus</span> <span class='ocrx_word' id='word_1_48' title='bbox 436 1093 493 1152; x_wconf 90' lang='lat' dir='ltr'>est.</span> <span class='ocrx_word' id='word_1_49' title='bbox 544 1088 643 1151; x_wconf 91' lang='lat' dir='ltr'>Paulo</span> <span class='ocrx_word' id='word_1_50' title='bbox 674 1095 749 1171; x_wconf 89' lang='lat' dir='ltr'>post</span> <span class='ocrx_word' id='word_1_51' title='bbox 777 1109 811 1151; x_wconf 90' lang='lat' dir='ltr'>re</span> <span class='ocrx_word' id='word_1_52' title='bbox 841 1087 893 1151; x_wconf 85' lang='lat' dir='ltr'>ad-</span> <span class='ocrx_word' id='word_1_53' title='bbox 910 1087 1076 1169; x_wconf 88' lang='lat' dir='ltr'>principes</span> <span class='ocrx_word' id='word_1_54' title='bbox 1105 1087 1202 1150; x_wconf 88' lang='lat' dir='ltr'>relata</span> 
     </span>
     <span class='ocr_line' id='line_1_10' title="bbox 262 1175 1202 1259; baseline -0.005 -17"><span class='ocrx_word' id='word_1_55' title='bbox 262 1177 478 1242; x_wconf 84' lang='lat' dir='ltr'>Carolstadius</span> <span class='ocrx_word' id='word_1_56' title='bbox 489 1198 509 1240; x_wconf 88' lang='lat' dir='ltr'>a</span> <span class='ocrx_word' id='word_1_57' title='bbox 519 1196 654 1241; x_wconf 89' lang='lat' dir='ltr'>munere</span> <span class='ocrx_word' id='word_1_58' title='bbox 669 1182 702 1240; x_wconf 89' lang='lat' dir='ltr'>et</span> <span class='ocrx_word' id='word_1_59' title='bbox 716 1177 905 1259; x_wconf 87' lang='lat' dir='ltr'>professoris</span> <span class='ocrx_word' id='word_1_60' title='bbox 920 1183 953 1241; x_wconf 90' lang='lat' dir='ltr'>et</span> <span class='ocrx_word' id='word_1_61' title='bbox 974 1175 1202 1240; x_wconf 84' lang='lat' dir='ltr'>Archidiaconi</span> 
     </span>
     <span class='ocr_line' id='line_1_11' title="bbox 261 1263 1202 1348; baseline -0.004 -17"><span class='ocrx_word' id='word_1_62' title='bbox 261 1266 572 1348; x_wconf 88' lang='lat' dir='ltr'>Vuittembergensis</span> <span class='ocrx_word' id='word_1_63' title='bbox 595 1272 628 1330; x_wconf 87' lang='lat' dir='ltr'>et</span> <span class='ocrx_word' id='word_1_64' title='bbox 649 1266 786 1348; x_wconf 87' lang='lat' dir='ltr'>pastoris</span> <span class='ocrx_word' id='word_1_65' title='bbox 800 1263 1035 1329; x_wconf 89' lang='lat' dir='ltr'>Orlamundani</span> <span class='ocrx_word' id='word_1_66' title='bbox 1060 1270 1202 1328; x_wconf 87' lang='lat' dir='ltr'>remotus</span> 
     </span>
     <span class='ocr_line' id='line_1_12' title="bbox 262 1353 1201 1420; baseline -0.003 -2"><span class='ocrx_word' id='word_1_67' title='bbox 262 1362 295 1419; x_wconf 90' lang='lat' dir='ltr'>et</span> <span class='ocrx_word' id='word_1_68' title='bbox 317 1376 358 1420; x_wconf 85' lang='lat' dir='ltr'>ex</span> <span class='ocrx_word' id='word_1_69' title='bbox 379 1355 459 1420; x_wconf 87' lang='lat' dir='ltr'>urbe</span> <span class='ocrx_word' id='word_1_70' title='bbox 475 1362 508 1418; x_wconf 89' lang='lat' dir='ltr'>et</span> <span class='ocrx_word' id='word_1_71' title='bbox 522 1355 651 1420; x_wconf 88' lang='lat' dir='ltr'>civitate</span> <span class='ocrx_word' id='word_1_72' title='bbox 666 1354 786 1419; x_wconf 88' lang='lat' dir='ltr'>eiectus</span> <span class='ocrx_word' id='word_1_73' title='bbox 800 1361 859 1419; x_wconf 87' lang='lat' dir='ltr'>est.</span> <span class='ocrx_word' id='word_1_74' title='bbox 886 1355 1075 1417; x_wconf 84' lang='lat' dir='ltr'>Muntaerus</span> <span class='ocrx_word' id='word_1_75' title='bbox 1090 1353 1201 1416; x_wconf 83' lang='lat' dir='ltr'>nihilo</span> 
     </span>
     <span class='ocr_line' id='line_1_13' title="bbox 261 1442 1201 1526; baseline -0.004 -18"><span class='ocrx_word' id='word_1_76' title='bbox 261 1444 481 1508; x_wconf 90' lang='lat' dir='ltr'>tamenminus</span> <span class='ocrx_word' id='word_1_77' title='bbox 503 1442 557 1506; x_wconf 93' lang='lat' dir='ltr'>die</span> <span class='ocrx_word' id='word_1_78' title='bbox 571 1444 663 1506; x_wconf 87' lang='lat' dir='ltr'><strong>XIII.</strong></span> <span class='ocrx_word' id='word_1_79' title='bbox 687 1442 884 1526; x_wconf 82' lang='lat' dir='ltr'>Septembris</span> <span class='ocrx_word' id='word_1_80' title='bbox 899 1443 1115 1518; x_wconf 80' lang='lat' dir='ltr'>Muthusium,</span> <span class='ocrx_word' id='word_1_81' title='bbox 1140 1461 1201 1504; x_wconf 88' lang='lat' dir='ltr'>non</span> 
     </span>
     <span class='ocr_line' id='line_1_14' title="bbox 261 1531 1201 1614; baseline -0.006 -16"><span class='ocrx_word' id='word_1_82' title='bbox 261 1539 402 1609; x_wconf 84' lang='lat' dir='ltr'>vocatus,</span> <span class='ocrx_word' id='word_1_83' title='bbox 426 1531 483 1595; x_wconf 87' lang='lat' dir='ltr'>sed</span> <span class='ocrx_word' id='word_1_84' title='bbox 505 1532 636 1614; x_wconf 89' lang='lat' dir='ltr'>spiritus</span> <span class='ocrx_word' id='word_1_85' title='bbox 652 1532 703 1595; x_wconf 92' lang='lat' dir='ltr'>sui</span> <span class='ocrx_word' id='word_1_86' title='bbox 717 1532 873 1614; x_wconf 86' lang='lat' dir='ltr'>vertigine</span> <span class='ocrx_word' id='word_1_87' title='bbox 887 1532 1048 1614; x_wconf 88' lang='lat' dir='ltr'>impulsus</span> <span class='ocrx_word' id='word_1_88' title='bbox 1062 1531 1201 1614; x_wconf 88' lang='lat' dir='ltr'>petebat.</span> 
     </span>
    </p>

    <p class='ocr_par' dir='ltr' id='par_1_3' title="bbox 228 1618 1235 3834">
     <span class='ocr_line' id='line_1_15' title="bbox 351 1618 1200 1703; baseline -0.002 -19"><span class='ocrx_word' id='word_1_89' title='bbox 351 1621 530 1684; x_wconf 90' lang='lat' dir='ltr'>Lutherum</span> <span class='ocrx_word' id='word_1_90' title='bbox 552 1639 609 1702; x_wconf 89' lang='lat' dir='ltr'>per</span> <span class='ocrx_word' id='word_1_91' title='bbox 631 1620 695 1685; x_wconf 91' lang='lat' dir='ltr'>hoc</span> <span class='ocrx_word' id='word_1_92' title='bbox 710 1641 813 1685; x_wconf 89' lang='lat' dir='ltr'>omne</span> <span class='ocrx_word' id='word_1_93' title='bbox 831 1626 962 1703; x_wconf 87' lang='lat' dir='ltr'>tempus</span> <span class='ocrx_word' id='word_1_94' title='bbox 976 1619 1127 1703; x_wconf 89' lang='lat' dir='ltr'>impense</span> <span class='ocrx_word' id='word_1_95' title='bbox 1141 1618 1200 1699; x_wconf 86' lang='lat' dir='ltr'>agi·</span> 
     </span>
     <span class='ocr_line' id='line_1_16' title="bbox 262 1708 1202 1792; baseline -0.004 -19"><span class='ocrx_word' id='word_1_96' title='bbox 262 1716 368 1774; x_wconf 89' lang='lat' dir='ltr'>tatum</span> <span class='ocrx_word' id='word_1_97' title='bbox 397 1730 464 1774; x_wconf 92' lang='lat' dir='ltr'>non</span> <span class='ocrx_word' id='word_1_98' title='bbox 493 1710 636 1792; x_wconf 89' lang='lat' dir='ltr'>potuisse</span> <span class='ocrx_word' id='word_1_99' title='bbox 663 1710 780 1775; x_wconf 86' lang='lat' dir='ltr'>reverti</span> <span class='ocrx_word' id='word_1_100' title='bbox 806 1709 848 1773; x_wconf 91' lang='lat' dir='ltr'>ad</span> <span class='ocrx_word' id='word_1_101' title='bbox 876 1709 986 1773; x_wconf 88' lang='lat' dir='ltr'>studia</span> <span class='ocrx_word' id='word_1_102' title='bbox 1011 1708 1202 1772; x_wconf 87' lang='lat' dir='ltr'>humaniora</span> 
     </span>
     <span class='ocr_line' id='line_1_17' title="bbox 262 1794 1235 1880; baseline -0.003 -19"><span class='ocrx_word' id='word_1_103' title='bbox 262 1799 356 1863; x_wconf 83' lang='lat' dir='ltr'>facilc</span> <span class='ocrx_word' id='word_1_104' title='bbox 378 1797 577 1880; x_wconf 84' lang='lat' dir='ltr'>intelligitur.</span> <span class='ocrx_word' id='word_1_105' title='bbox 623 1799 763 1862; x_wconf 90' lang='lat' dir='ltr'>Iamiam</span> <span class='ocrx_word' id='word_1_106' title='bbox 793 1798 910 1862; x_wconf 88' lang='lat' dir='ltr'>calami</span> <span class='ocrx_word' id='word_1_107' title='bbox 935 1798 1031 1861; x_wconf 83' lang='lat' dir='ltr'>hasta</span> <span class='ocrx_word' id='word_1_108' title='bbox 1052 1816 1094 1860; x_wconf 92' lang='lat' dir='ltr'>ac</span> <span class='ocrx_word' id='word_1_109' title='bbox 1114 1794 1201 1861; x_wconf 86' lang='lat' dir='ltr'>verbi</span> <span class='ocrx_word' id='word_1_110' title='bbox 1233 1826 1235 1837; x_wconf 82' lang='lat'><em>=</em></span> 
     </span>
     <span class='ocr_line' id='line_1_18' title="bbox 262 1885 1198 1969; baseline -0.001 -18"><span class='ocrx_word' id='word_1_111' title='bbox 262 1893 421 1969; x_wconf 85' lang='lat' dir='ltr'>potestate</span> <span class='ocrx_word' id='word_1_112' title='bbox 448 1886 604 1951; x_wconf 89' lang='lat' dir='ltr'>nimirum</span> <span class='ocrx_word' id='word_1_113' title='bbox 629 1887 760 1952; x_wconf 85' lang='lat' dir='ltr'>victrice</span> <span class='ocrx_word' id='word_1_114' title='bbox 789 1893 822 1951; x_wconf 88' lang='lat' dir='ltr'>et</span> <span class='ocrx_word' id='word_1_115' title='bbox 848 1885 1030 1952; x_wconf 88' lang='lat' dir='ltr'>invincibili</span> <span class='ocrx_word' id='word_1_116' title='bbox 1057 1904 1198 1968; x_wconf 84' lang='lat' dir='ltr'>pugnan-</span> 
     </span>
     <span class='ocr_line' id='line_1_19' title="bbox 263 1973 1200 2056; baseline -0.003 -16"><span class='ocrx_word' id='word_1_117' title='bbox 263 1976 359 2054; x_wconf 92' lang='lat' dir='ltr'>dum,</span> <span class='ocrx_word' id='word_1_118' title='bbox 395 1975 437 2039; x_wconf 89' lang='lat' dir='ltr'>ad</span> <span class='ocrx_word' id='word_1_119' title='bbox 464 1976 550 2039; x_wconf 92' lang='lat' dir='ltr'>hano</span> <span class='ocrx_word' id='word_1_120' title='bbox 577 1976 728 2040; x_wconf 90' lang='lat' dir='ltr'>ultimam</span> <span class='ocrx_word' id='word_1_121' title='bbox 755 1975 914 2040; x_wconf 90' lang='lat' dir='ltr'>rationem</span> <span class='ocrx_word' id='word_1_122' title='bbox 939 1973 1200 2056; x_wconf 79' lang='lat' dir='ltr'>confugiendum</span> 
     </span>
     <span class='ocr_line' id='line_1_20' title="bbox 263 2063 1200 2147; baseline -0.003 -19"><span class='ocrx_word' id='word_1_123' title='bbox 263 2085 332 2128; x_wconf 90' lang='lat' dir='ltr'>esse</span> <span class='ocrx_word' id='word_1_124' title='bbox 355 2064 459 2130; x_wconf 87' lang='lat' dir='ltr'>duxit.</span> <span class='ocrx_word' id='word_1_125' title='bbox 505 2065 597 2128; x_wconf 83' lang='lat' dir='ltr'>Tunc</span> <span class='ocrx_word' id='word_1_126' title='bbox 619 2065 788 2147; x_wconf 90' lang='lat' dir='ltr'>temporis,</span> <span class='ocrx_word' id='word_1_127' title='bbox 817 2084 882 2146; x_wconf 92' lang='lat' dir='ltr'>quo</span> <span class='ocrx_word' id='word_1_128' title='bbox 905 2063 1038 2129; x_wconf 90' lang='lat' dir='ltr'>omnino</span> <span class='ocrx_word' id='word_1_129' title='bbox 1059 2063 1200 2127; x_wconf 79' lang='lat' dir='ltr'>fructum</span> 
     </span>
     <span class='ocr_line' id='line_1_21' title="bbox 263 2153 1198 2234; baseline -0.003 -18"><span class='ocrx_word' id='word_1_130' title='bbox 263 2173 333 2217; x_wconf 89' lang='lat' dir='ltr'>esse</span> <span class='ocrx_word' id='word_1_131' title='bbox 366 2173 443 2218; x_wconf 89' lang='lat' dir='ltr'>eum</span> <span class='ocrx_word' id='word_1_132' title='bbox 476 2153 611 2231; x_wconf 89' lang='lat' dir='ltr'>scimus,</span> <span class='ocrx_word' id='word_1_133' title='bbox 647 2174 760 2218; x_wconf 88' lang='lat' dir='ltr'>omnes</span> <span class='ocrx_word' id='word_1_134' title='bbox 794 2173 887 2218; x_wconf 88' lang='lat' dir='ltr'>curas</span> <span class='ocrx_word' id='word_1_135' title='bbox 916 2153 1198 2234; x_wconf 84' lang='lat' dir='ltr'>cogitationesque,</span> 
     </span>
     <span class='ocr_line' id='line_1_22' title="bbox 264 2240 1198 2326; baseline -0.003 -20"><span class='ocrx_word' id='word_1_136' title='bbox 264 2261 393 2306; x_wconf 89' lang='lat' dir='ltr'>summo</span> <span class='ocrx_word' id='word_1_137' title='bbox 418 2241 455 2306; x_wconf 91' lang='lat' dir='ltr'>in</span> <span class='ocrx_word' id='word_1_138' title='bbox 482 2262 574 2306; x_wconf 90' lang='lat' dir='ltr'>mora</span> <span class='ocrx_word' id='word_1_139' title='bbox 600 2243 742 2326; x_wconf 90' lang='lat' dir='ltr'>periculo</span> <span class='ocrx_word' id='word_1_140' title='bbox 770 2243 926 2320; x_wconf 83' lang='lat' dir='ltr'>instante,</span> <span class='ocrx_word' id='word_1_141' title='bbox 954 2243 992 2306; x_wconf 93' lang='lat' dir='ltr'>in</span> <span class='ocrx_word' id='word_1_142' title='bbox 1018 2262 1056 2306; x_wconf 89' lang='lat' dir='ltr'>eo</span> <span class='ocrx_word' id='word_1_143' title='bbox 1084 2240 1198 2324; x_wconf 87' lang='lat' dir='ltr'>posuit,</span> 
     </span>
     <span class='ocr_line' id='line_1_23' title="bbox 263 2329 1198 2413; baseline -0.001 -20"><span class='ocrx_word' id='word_1_144' title='bbox 263 2336 302 2393; x_wconf 90' lang='lat' dir='ltr'>ut</span> <span class='ocrx_word' id='word_1_145' title='bbox 323 2337 483 2411; x_wconf 90' lang='lat' dir='ltr'>quantum</span> <span class='ocrx_word' id='word_1_146' title='bbox 505 2337 615 2412; x_wconf 89' lang='lat' dir='ltr'>posset</span> <span class='ocrx_word' id='word_1_147' title='bbox 635 2330 847 2413; x_wconf 87' lang='lat' dir='ltr'>reipublicae,</span> <span class='ocrx_word' id='word_1_148' title='bbox 877 2331 1045 2408; x_wconf 84' lang='lat' dir='ltr'>ecclesiae,</span> <span class='ocrx_word' id='word_1_149' title='bbox 1076 2329 1198 2403; x_wconf 85' lang='lat' dir='ltr'>scholis,</span> 
     </span>
     <span class='ocr_line' id='line_1_24' title="bbox 264 2417 1199 2498; baseline 0.002 -18"><span class='ocrx_word' id='word_1_150' title='bbox 264 2418 468 2498; x_wconf 85' lang='lat' dir='ltr'>ingeniisque</span> <span class='ocrx_word' id='word_1_151' title='bbox 498 2417 722 2482; x_wconf 86' lang='lat' dir='ltr'>incredibilem</span> <span class='ocrx_word' id='word_1_152' title='bbox 748 2421 785 2484; x_wconf 89' lang='lat' dir='ltr'>in</span> <span class='ocrx_word' id='word_1_153' title='bbox 800 2420 947 2484; x_wconf 86' lang='lat' dir='ltr'>modum</span> <span class='ocrx_word' id='word_1_154' title='bbox 981 2419 1120 2484; x_wconf 89' lang='lat' dir='ltr'>concisis</span> <span class='ocrx_word' id='word_1_155' title='bbox 1151 2436 1199 2498; x_wconf 88' lang='lat' dir='ltr'>pa·</span> 
     </span>
     <span class='ocr_line' id='line_1_25' title="bbox 265 2504 1200 2587; baseline 0 -19"><span class='ocrx_word' id='word_1_156' title='bbox 265 2526 350 2583; x_wconf 91' lang='lat' dir='ltr'>cem,</span> <span class='ocrx_word' id='word_1_157' title='bbox 380 2504 482 2568; x_wconf 89' lang='lat' dir='ltr'>animi</span> <span class='ocrx_word' id='word_1_158' title='bbox 511 2506 709 2587; x_wconf 86' lang='lat' dir='ltr'>aequitatem</span> <span class='ocrx_word' id='word_1_159' title='bbox 739 2528 777 2572; x_wconf 91' lang='lat' dir='ltr'>ac</span> <span class='ocrx_word' id='word_1_160' title='bbox 799 2508 929 2574; x_wconf 84' lang='lat' dir='ltr'>vivendi</span> <span class='ocrx_word' id='word_1_161' title='bbox 956 2507 1118 2572; x_wconf 87' lang='lat' dir='ltr'>rationem</span> <span class='ocrx_word' id='word_1_162' title='bbox 1138 2504 1200 2569; x_wconf 82' lang='lat' dir='ltr'>feli·</span> 
     </span>
     <span class='ocr_line' id='line_1_26' title="bbox 256 2595 1201 2677; baseline -0.001 -19"><span class='ocrx_word' id='word_1_163' title='bbox 256 2595 383 2675; x_wconf 38' lang='lat' dir='ltr'>,ctorem</span> <span class='ocrx_word' id='word_1_164' title='bbox 428 2600 591 2660; x_wconf 87' lang='lat' dir='ltr'>revocaret</span> <span class='ocrx_word' id='word_1_165' title='bbox 635 2601 733 2677; x_wconf 89' lang='lat' dir='ltr'>atque</span> <span class='ocrx_word' id='word_1_166' title='bbox 770 2596 831 2661; x_wconf 91' lang='lat' dir='ltr'>deo</span> <span class='ocrx_word' id='word_1_167' title='bbox 867 2599 999 2663; x_wconf 87' lang='lat' dir='ltr'>iuvante</span> <span class='ocrx_word' id='word_1_168' title='bbox 1040 2595 1201 2660; x_wconf 87' lang='lat' dir='ltr'>reduceret</span> 
     </span>
     <span class='ocr_line' id='line_1_27' title="bbox 266 2681 1202 2768; baseline -0.003 -20"><span class='ocrx_word' id='word_1_169' title='bbox 266 2681 449 2761; x_wconf 86' lang='lat' dir='ltr'>scribendo,</span> <span class='ocrx_word' id='word_1_170' title='bbox 478 2683 656 2762; x_wconf 87' lang='lat' dir='ltr'>monendo,</span> <span class='ocrx_word' id='word_1_171' title='bbox 686 2684 825 2763; x_wconf 88' lang='lat' dir='ltr'>orando,</span> <span class='ocrx_word' id='word_1_172' title='bbox 855 2687 922 2749; x_wconf 91' lang='lat' dir='ltr'>imo</span> <span class='ocrx_word' id='word_1_173' title='bbox 950 2691 1056 2768; x_wconf 89' lang='lat' dir='ltr'>totum</span> <span class='ocrx_word' id='word_1_174' title='bbox 1083 2687 1202 2749; x_wconf 85' lang='lat' dir='ltr'>semet</span> 
     </span>
     <span class='ocr_line' id='line_1_28' title="bbox 265 2770 1203 2856; baseline -0.003 -20"><span class='ocrx_word' id='word_1_175' title='bbox 265 2772 375 2856; x_wconf 88' lang='lat' dir='ltr'>ipsum</span> <span class='ocrx_word' id='word_1_176' title='bbox 404 2793 463 2856; x_wconf 90' lang='lat' dir='ltr'>pro</span> <span class='ocrx_word' id='word_1_177' title='bbox 491 2792 530 2838; x_wconf 88' lang='lat' dir='ltr'>ea</span> <span class='ocrx_word' id='word_1_178' title='bbox 557 2793 591 2837; x_wconf 88' lang='lat' dir='ltr'>re</span> <span class='ocrx_word' id='word_1_179' title='bbox 621 2774 797 2838; x_wconf 85' lang='lat' dir='ltr'>offerendo.</span> <span class='ocrx_word' id='word_1_180' title='bbox 842 2773 909 2838; x_wconf 78' lang='lat' dir='ltr'>Sub</span> <span class='ocrx_word' id='word_1_181' title='bbox 932 2774 1137 2838; x_wconf 64' lang='lat' dir='ltr'>finem‘anni</span> <span class='ocrx_word' id='word_1_182' title='bbox 1156 2770 1203 2836; x_wconf 85' lang='lat' dir='ltr'>vel</span> 
     </span>
     <span class='ocr_line' id='line_1_29' title="bbox 266 2860 1203 2943; baseline -0.003 -17"><span class='ocrx_word' id='word_1_183' title='bbox 266 2860 464 2940; x_wconf 89' lang='lat' dir='ltr'>accuratius,</span> <span class='ocrx_word' id='word_1_184' title='bbox 495 2861 584 2943; x_wconf 90' lang='lat' dir='ltr'>quod</span> <span class='ocrx_word' id='word_1_185' title='bbox 611 2869 719 2928; x_wconf 89' lang='lat' dir='ltr'>ratum</span> <span class='ocrx_word' id='word_1_186' title='bbox 748 2862 869 2940; x_wconf 89' lang='lat' dir='ltr'>habeo,</span> <span class='ocrx_word' id='word_1_187' title='bbox 898 2883 1010 2929; x_wconf 86' lang='lat' dir='ltr'>mense</span> <span class='ocrx_word' id='word_1_188' title='bbox 1031 2860 1203 2929; x_wconf 84' lang='lat' dir='ltr'>Novembri</span> 
     </span>
     <span class='ocr_line' id='line_1_30' title="bbox 250 2950 1203 3036; baseline 0.002 -22"><span class='ocrx_word' id='word_1_189' title='bbox 250 2950 412 3015; x_wconf 74' lang='lat' dir='ltr'>&#39;libellum</span> <span class='ocrx_word' id='word_1_190' title='bbox 450 2950 620 3034; x_wconf 88' lang='lat' dir='ltr'>descripsit</span> <span class='ocrx_word' id='word_1_191' title='bbox 657 2951 803 3032; x_wconf 86' lang='lat' dir='ltr'>duasque</span> <span class='ocrx_word' id='word_1_192' title='bbox 848 2952 884 3016; x_wconf 92' lang='lat' dir='ltr'>in</span> <span class='ocrx_word' id='word_1_193' title='bbox 921 2958 1029 3036; x_wconf 86' lang='lat' dir='ltr'>partes</span> <span class='ocrx_word' id='word_1_194' title='bbox 1065 2952 1203 3016; x_wconf 86' lang='lat' dir='ltr'>divisum</span> 
     </span>
     <span class='ocr_line' id='line_1_31' title="bbox 228 3038 1201 3124; baseline 0.002 -23"><span class='ocrx_word' id='word_1_195' title='bbox 228 3093 234 3117; x_wconf 79' lang='lat'>,</span> <span class='ocrx_word' id='word_1_196' title='bbox 268 3038 383 3103; x_wconf 86' lang='lat' dir='ltr'>edidit:</span> <span class='ocrx_word' id='word_1_197' title='bbox 425 3041 597 3117; x_wconf 83' lang='lat' dir='ltr'>‚Adversus</span> <span class='ocrx_word' id='word_1_198' title='bbox 630 3042 806 3124; x_wconf 89' lang='lat' dir='ltr'>prophetas</span> <span class='ocrx_word' id='word_1_199' title='bbox 842 3041 994 3105; x_wconf 87' lang='lat' dir='ltr'>coelestes</span> <span class='ocrx_word' id='word_1_200' title='bbox 1027 3039 1093 3121; x_wconf 91' lang='lat' dir='ltr'>(uti</span> <span class='ocrx_word' id='word_1_201' title='bbox 1120 3056 1201 3106; x_wconf 83' lang='lat' dir='ltr'>voca·</span> 
     </span>
     <span class='ocr_line' id='line_1_32' title="bbox 267 3124 1203 3210; baseline -0.001 -20"><span class='ocrx_word' id='word_1_202' title='bbox 267 3127 399 3206; x_wconf 90' lang='lat' dir='ltr'>bantur)</span> <span class='ocrx_word' id='word_1_203' title='bbox 433 3128 474 3191; x_wconf 92' lang='lat' dir='ltr'>de</span> <span class='ocrx_word' id='word_1_204' title='bbox 507 3129 705 3210; x_wconf 82' lang='lat' dir='ltr'>imaginibus</span> <span class='ocrx_word' id='word_1_205' title='bbox 740 3136 773 3194; x_wconf 91' lang='lat' dir='ltr'>et</span> <span class='ocrx_word' id='word_1_206' title='bbox 802 3129 1010 3194; x_wconf 87' lang='lat' dir='ltr'>sacramentis</span> <span class='ocrx_word' id='word_1_207' title='bbox 1037 3131 1121 3207; x_wconf 79' lang='lat' dir='ltr'>etc‘,</span> <span class='ocrx_word' id='word_1_208' title='bbox 1155 3124 1203 3190; x_wconf 91' lang='lat' dir='ltr'>cui</span> 
     </span>
     <span class='ocr_line' id='line_1_33' title="bbox 267 3215 1202 3299; baseline 0 -21"><span class='ocrx_word' id='word_1_209' title='bbox 267 3215 375 3278; x_wconf 92' lang='lat' dir='ltr'>locum</span> <span class='ocrx_word' id='word_1_210' title='bbox 398 3234 439 3279; x_wconf 88' lang='lat' dir='ltr'>ex</span> <span class='ocrx_word' id='word_1_211' title='bbox 461 3217 614 3299; x_wconf 86' lang='lat' dir='ltr'>epistolae</span> <span class='ocrx_word' id='word_1_212' title='bbox 629 3218 782 3282; x_wconf 88' lang='lat' dir='ltr'>Paulinae</span> <span class='ocrx_word' id='word_1_213' title='bbox 797 3219 840 3282; x_wconf 89' lang='lat' dir='ltr'>ad</span> <span class='ocrx_word' id='word_1_214' title='bbox 855 3218 1063 3283; x_wconf 81' lang='lat' dir='ltr'>Timotheum</span> <span class='ocrx_word' id='word_1_215' title='bbox 1078 3215 1202 3281; x_wconf 85' lang='lat' dir='ltr'>alterius</span> 
     </span>
     <span class='ocr_line' id='line_1_34' title="bbox 269 3303 1203 3389; baseline 0.001 -24"><span class='ocrx_word' id='word_1_216' title='bbox 269 3303 373 3385; x_wconf 92' lang='lat' dir='ltr'>capite</span> <span class='ocrx_word' id='word_1_217' title='bbox 396 3304 455 3368; x_wconf 89' lang='grc' dir='ltr'>ΠΙ.</span> <span class='ocrx_word' id='word_1_218' title='bbox 478 3307 674 3389; x_wconf 88' lang='lat' dir='ltr'>praeposuit.</span> <span class='ocrx_word' id='word_1_219' title='bbox 711 3307 900 3373; x_wconf 71' lang='lat' dir='ltr'>conferatur</span> <span class='ocrx_word' id='word_1_220' title='bbox 914 3314 1042 3373; x_wconf 85' lang='lat' dir='ltr'>nostrae</span> <span class='ocrx_word' id='word_1_221' title='bbox 1056 3304 1203 3370; x_wconf 87' lang='lat' dir='ltr'>editionis</span> 
     </span>
     <span class='ocr_line' id='line_1_35' title="bbox 270 3390 1235 3479; baseline 0.006 -25"><span class='ocrx_word' id='word_1_222' title='bbox 270 3392 526 3472; x_wconf 90' lang='lat' dir='ltr'>germanicorum</span> <span class='ocrx_word' id='word_1_223' title='bbox 569 3395 704 3459; x_wconf 88' lang='lat' dir='ltr'>Lutheri</span> <span class='ocrx_word' id='word_1_224' title='bbox 753 3416 887 3479; x_wconf 89' lang='lat' dir='ltr'>operum</span> <span class='ocrx_word' id='word_1_225' title='bbox 932 3398 1039 3461; x_wconf 85' lang='lat' dir='ltr'>tomus</span> <span class='ocrx_word' id='word_1_226' title='bbox 1084 3392 1157 3459; x_wconf 84' lang='lat' dir='ltr'>XX]</span> <span class='ocrx_word' id='word_1_227' title='bbox 1188 3390 1192 3391; x_wconf 41' lang='lat'><em>⁷</em></span> <span class='ocrx_word' id='word_1_228' title='bbox 1233 3440 1235 3449; x_wconf 85' lang='lat'>·</span> 
     </span>
     <span class='ocr_line' id='line_1_36' title="bbox 268 3480 1203 3562; baseline 0 -17"><span class='ocrx_word' id='word_1_229' title='bbox 268 3502 301 3562; x_wconf 91' lang='lat' dir='ltr'>p.</span> <span class='ocrx_word' id='word_1_230' title='bbox 329 3480 402 3545; x_wconf 84' lang='lat'>134.</span> <span class='ocrx_word' id='word_1_231' title='bbox 447 3483 569 3546; x_wconf 89' lang='lat' dir='ltr'>Multus</span> <span class='ocrx_word' id='word_1_232' title='bbox 593 3484 638 3559; x_wconf 89' lang='lat' dir='ltr'>ei,</span> <span class='ocrx_word' id='word_1_233' title='bbox 668 3491 707 3549; x_wconf 92' lang='lat' dir='ltr'>ut</span> <span class='ocrx_word' id='word_1_234' title='bbox 728 3485 971 3549; x_wconf 81' lang='lat' dir='ltr'>Seckendorfius</span> <span class='ocrx_word' id='word_1_235' title='bbox 998 3485 1035 3552; x_wconf 85' lang='lat' dir='ltr'>in</span> <span class='ocrx_word' id='word_1_236' title='bbox 1056 3484 1156 3548; x_wconf 88' lang='lat' dir='ltr'>histor</span> <span class='ocrx_word' id='word_1_237' title='bbox 1199 3507 1203 3537; x_wconf 74' lang='grc' dir='ltr'>ι</span> 
     </span>
     <span class='ocr_line' id='line_1_37' title="bbox 268 3567 1201 3656; baseline 0 -24"><span class='ocrx_word' id='word_1_238' title='bbox 268 3569 508 3634; x_wconf 87' lang='lat' dir='ltr'>Lutheranismi</span> <span class='ocrx_word' id='word_1_239' title='bbox 536 3572 618 3634; x_wconf 90' lang='lat' dir='ltr'>libro</span> <span class='ocrx_word' id='word_1_240' title='bbox 647 3573 673 3636; x_wconf 92' lang='lat' dir='ltr'>I.</span> <span class='ocrx_word' id='word_1_241' title='bbox 699 3575 729 3654; x_wconf 64' lang='grc' dir='ltr'>ξ.</span> <span class='ocrx_word' id='word_1_242' title='bbox 759 3574 932 3638; x_wconf 81' lang='lat' dir='ltr'><strong>CLXXVI.</strong></span> <span class='ocrx_word' id='word_1_243' title='bbox 960 3567 1156 3656; x_wconf 74' lang='lat' dir='ltr'>professus«</span> <span class='ocrx_word' id='word_1_244' title='bbox 1199 3620 1201 3627; x_wconf 90' lang='grc'>.</span> 
     </span>
     <span class='ocr_line' id='line_1_38' title="bbox 270 3658 1203 3743; baseline 0.002 -23"><span class='ocrx_word' id='word_1_245' title='bbox 270 3658 422 3724; x_wconf 88' lang='lat' dir='ltr'>adversus</span> <span class='ocrx_word' id='word_1_246' title='bbox 449 3659 520 3722; x_wconf 89' lang='lat' dir='ltr'>illos</span> <span class='ocrx_word' id='word_1_247' title='bbox 541 3659 633 3725; x_wconf 90' lang='lat' dir='ltr'>labor</span> <span class='ocrx_word' id='word_1_248' title='bbox 656 3661 733 3739; x_wconf 87' lang='lat' dir='ltr'>fuit,</span> <span class='ocrx_word' id='word_1_249' title='bbox 763 3664 821 3743; x_wconf 93' lang='lat' dir='ltr'>qui</span> <span class='ocrx_word' id='word_1_250' title='bbox 850 3663 997 3728; x_wconf 83' lang='lat' dir='ltr'>libertate</span> <span class='ocrx_word' id='word_1_251' title='bbox 1025 3660 1156 3742; x_wconf 81' lang='lat' dir='ltr'>evangel</span> <span class='ocrx_word' id='word_1_252' title='bbox 1199 3700 1203 3717; x_wconf 80' lang='lat'><strong>·</strong></span> 
     </span>
     <span class='ocr_line' id='line_1_39' title="bbox 269 3747 1202 3834; baseline 0.002 -23"><span class='ocrx_word' id='word_1_253' title='bbox 269 3753 415 3828; x_wconf 88' lang='lat' dir='ltr'>proterve</span> <span class='ocrx_word' id='word_1_254' title='bbox 438 3747 532 3813; x_wconf 86' lang='lat' dir='ltr'>abusi</span> <span class='ocrx_word' id='word_1_255' title='bbox 554 3748 621 3814; x_wconf 90' lang='lat' dir='ltr'>iam</span> <span class='ocrx_word' id='word_1_256' title='bbox 644 3750 686 3813; x_wconf 88' lang='lat' dir='ltr'>ad</span> <span class='ocrx_word' id='word_1_257' title='bbox 708 3752 776 3817; x_wconf 86' lang='lat' dir='ltr'>vim</span> <span class='ocrx_word' id='word_1_258' title='bbox 802 3752 968 3834; x_wconf 90' lang='lat' dir='ltr'>publicam</span> <span class='ocrx_word' id='word_1_259' title='bbox 989 3749 1156 3816; x_wconf 87' lang='lat' dir='ltr'>adhibend:</span> <span class='ocrx_word' id='word_1_260' title='bbox 1199 3799 1202 3807; x_wconf 95' lang='lat'><em>.</em></span> 
     </span>
    </p>
   </div>
   <div class='ocr_carea' id='block_1_3' title="bbox 0 0 1306 4267">
    <p class='ocr_par' dir='ltr' id='par_1_4' title="bbox 0 0 1306 4267">
     <span class='ocr_line' id='line_1_40' title="bbox 0 0 1306 4267; baseline 0 0"><span class='ocrx_word' id='word_1_261' title='bbox 0 0 1306 4267; x_wconf 95' lang='lat' dir='ltr'> </span> 
     </span>
    </p>
   </div>
  </div>
 </body>
</html>
