2584 4267
450 262 549 348 Joelis
571 286 755 393 prophetae.
1008 287 1069 352 287

137 457 259 536 ¹Quasi
290 481 366 525 vero
399 467 528 526 sanetus
562 462 618 539 sit,
655 463 711 543 qui
744 469 913 545 peceatum
946 465 1071 528 nullum

132 552 244 615 habet.
279 551 363 613 Vera
385 551 473 613 enim
487 551 619 614 Ioannis
642 553 802 616 sententia
819 546 905 616 est²t
930 552 964 615 Si
986 553 1070 618 dixe·
1166 620 1168 624 ,

132 641 237 703 rimus
258 639 530 722 quod‘peoeatum
544 660 611 703 non
625 640 793 718 habemus,
817 642 953 705 facimus
974 642 1072 706 deum

132 728 341 805 mendaeem,
380 735 413 792 et
445 729 580 792 verbum
614 730 683 793 eius
717 730 752 792 in
785 730 879 793 nobis
913 750 979 793 non
1013 739 1070 796 est.

131 819 219 880 Item
237 811 365 880 Pauli⁸:
390 817 554 881 conclusit
575 818 655 881 deus
678 818 788 882 omnia
810 819 871 882 sub
894 826 1069 901 peceatum.

132 907 215 970 Caro
236 906 325 969 enim
346 911 386 970 ut
406 906 562 984 diximus,
592 907 653 970 etsi
684 927 704 970 a
731 908 850 972 sanetis
878 909 1070 985 cohortetur,
1171 899 1182 922 ⁸

131 1001 245 1058 tamen
272 1015 346 1059 oaro
375 1015 445 1058 esse
475 1016 541 1058 non
563 995 683 1060 desinit
706 996 763 1059 sed
784 997 901 1060 retinet
923 1004 1072 1061 naturam

131 1103 237 1161 suam,
260 1091 293 1147 et
315 1090 365 1148 est
386 1085 483 1166 plena
505 1083 627 1149 vitiosis
650 1085 801 1148 motibus.
845 1085 953 1149 Sancti
975 1087 1073 1167 igitur

131 1193 206 1236 vere
233 1174 270 1235 hi
299 1179 390 1250 sunt,
421 1174 478 1253 qui
499 1179 670 1254 peecatum
692 1173 824 1254 quidem
850 1174 986 1251 habent,
1016 1175 1072 1238 sed

130 1268 263 1344 propter
284 1261 385 1324 fidem
406 1262 442 1325 in
464 1262 568 1325 filium
580 1262 644 1325 dei
659 1262 705 1324 eis
720 1262 903 1339 remittitur,
927 1283 984 1326 seu
1007 1285 1073 1326 non

131 1351 322 1432 imputatur.
368 1351 477 1415 Habet
510 1351 597 1414 enim
628 1351 773 1414 Christus
807 1371 942 1431 regnum
976 1371 1072 1415 suum

132 1439 216 1502 inter
244 1460 305 1503 nos
335 1440 371 1502 in
397 1440 459 1502 hae
487 1441 563 1504 vita.
610 1439 670 1503 Est
700 1446 820 1507 autem·
837 1460 974 1520 regnum
1003 1442 1070 1516 eius

132 1528 274 1592 iudieare
302 1529 338 1591 in
367 1529 492 1592 iustitia
513 1535 546 1592 et
567 1547 699 1608 arguere
728 1530 764 1592 in
791 1530 965 1610 aequitate,
996 1531 1069 1593 Esa.

135 1612 206 1679 11.⁴
231 1618 294 1681 hoo
317 1612 642 1698 est‚'poenitentiam
666 1624 698 1681 et
717 1618 942 1695 remissionem
964 1639 1070 1699 peooa-

132 1711 239 1769 torum
261 1706 445 1788 praedicare
467 1707 502 1769 in
524 1707 656 1770 nomine
678 1707 790 1788 ipsius.
836 1707 923 1770 Huic
950 1706 1070 1787 praedi·

132 1795 251 1859 cationi
280 1796 333 1858 oui
363 1795 511 1872 eredunt,
543 1795 706 1876 accipiunt
735 1795 884 1876 spiritum
912 1802 1068 1872 sanctum

133 1889 166 1946 et
197 1885 423 1947 remissionem
455 1890 674 1966 peecatorum„
726 1883 779 1946 Ad
816 1884 904 1946 huno
937 1884 1074 1947 modum
1149 1932 1151 1936 a

128 1973 249 2049 ‚Psalm
275 1967 348 2035 32st
379 1973 490 2037 beatos
512 1974 668 2055 appellat,
701 1973 758 2052 qui
785 1973 882 2036 levati
904 1978 980 2036 sunt
1001 1993 1070 2054 poo-

133 2068 213 2139 oato,
237 2062 302 2125 hoo
317 2070 374 2138 est,
400 2063 457 2142 qui
471 2068 639 2143 peceatum
654 2062 785 2138 babent,
810 2061 866 2124 sed
881 2062 1072 2124 transfertur

133 2151 175 2214 ab
197 2151 244 2214 sis
267 2170 326 2232 per
347 2151 452 2213 filium
475 2151 541 2227 dei,
572 2157 604 2214 et
626 2170 693 2213 non
715 2151 904 2232 imputatrm
959 2144 1071 2214 6Ηο110

133 2239 383 2322 imputationem
416 2240 445 2302 si
477 2239 643 2321 respicias,
681 2245 828 2303 sanetum
862 2259 903 2302 ne
937 2245 969 2302 te
1003 2259 1070 2302 esse

135 2329 291 2408 negabis?
336 2329 438 2409 Igitur
464 2328 609 2393 Christus
636 2334 769 2410 peecata
796 2335 853 2392 tua
880 2329 916 2391 iu
944 2348 977 2391 se
1004 2347 1071 2391 non

133 2418 275 2499 reoepit?
320 2417 422 2497 Igitur
455 2438 514 2498 pro
547 2423 579 2481 te
613 2409 691 2481 non'
708 2424 758 2481 est
776 2418 925 2500 passus?
970 2417 1072 2496 Igitur

134 2506 316 2588 baptismus
337 2512 414 2569 tuus
436 2506 519 2568 nihil
541 2507 613 2570 est?
635 2513 736 2587 tuque
752 2505 926 2569 eiiciendus
941 2507 1071 2586 penitus

134 2613 166 2658 es
194 2615 237 2658 ex
265 2595 419 2658 eeclesia?
465 2595 616 2669 Quodsi
645 2595 774 2658 duriora
795 2596 875 2657 haec
892 2601 1008 2675 putas,
1040 2599 1072 2656 et

136 2683 207 2748 fidis
238 2683 362 2764 aliquid
392 2688 529 2769 propter
550 2683 734 2765 passionem
765 2683 884 2745 Christi
911 2687 943 2744 et
970 2682 1071 2763 bapti·

135 2793 258 2849 smum,
295 2793 363 2835 non
392 2792 431 2834 ea
457 2772 563 2836 tenuis
593 2778 625 2834 et
656 2771 786 2850 exigua,
822 2769 879 2832 sed
908 2770 1005 2851 piena
1032 2770 1074 2832 sit

136 2861 268 2937 fidncia,
303 2867 341 2924 ut
374 2866 460 2924 serto
494 2867 615 2924 statuas
650 2866 681 2924 te
716 2877 784 2922 esse
818 2857 871 2920 dai
905 2857 1009 2920 filium
1042 2865 1074 2920 et

134 2958 294 3026 sanctum,
318 2969 385 3012 non
408 2949 541 3030 quidem
563 2954 694 3030 propter
716 2954 757 3024 te,
781 2946 875 3028 quasi
898 2947 966 3009 sine
985 2947 1075 3008 omni

136 3036 269 3120 peooato
291 3038 349 3114 sis,
373 3039 430 3102 sed
452 3044 584 3119 propter
605 3038 709 3099 filium
732 3036 799 3112 dei,
827 3035 885 3116 qui
907 3041 1074 3120 peceatum

134 3134 229 3192 tuum
253 3147 274 3191 a
295 3133 327 3190 te
350 3127 492 3204 abstulit,¹
516 3132 549 3190 et
570 3133 602 3189 te
617 3125 741 3188 iustitia
760 3145 819 3188 sua
834 3125 968 3201 ornavit,
993 3125 1075 3188 siout

136 3217 249 3280 Esaias
277 3215 314 3278 in
340 3215 504 3297 praedicto
532 3215 602 3278 looo
631 3234 707 3276 eum
738 3214 800 3277 hoo
827 3213 942 3278 habitu
972 3220 1072 3290 omat‚

37 3380 39 3391 Ι
134 3305 222 3386 quod
246 3304 413 3384 cingulum
436 3304 587 3368 foemoris
617 3303 686 3366 eius
714 3303 757 3366 sit
784 3303 920 3380 iustitia,
952 3309 984 3366 et
1011 3302 1073 3366 oin·

160 3395 249 3457 ulum
271 3412 387 3457 renum
409 3393 478 3457 eius
500 3393 632 3469 veritas,
661 3393 722 3456 hoo
745 3399 807 3468 est,
836 3411 932 3456 suum
960 3411 1074 3474 corpus

227 3621 255 3689 1)
281 3621 409 3676 Ecclesia
445 3624 476 3675 et
510 3625 659 3688 peceatum
694 3619 783 3675 habet
819 3625 848 3675 et
884 3623 985 3674 saneta
1022 3623 1073 3672 est.

158 3692 261 3753 )Ieu.:
281 3691 463 3747 1.10han.1.
493 3690 522 3759 3)
542 3692 618 3747 Ian:
637 3691 700 3746 Gal.
713 3691 739 3746 3.
769 3691 798 3759 4)
817 3692 894 3744 Ion:
915 3689 1017 3742 Esaiae
1031 3688 1073 3741 11.

160 3768 167 3824 t
184 3764 261 3818 Ion:
280 3763 355 3817 Psal.
373 3762 417 3817 32.
453 3763 482 3831 6)
502 3763 651 3827 Quomodo
669 3763 761 3816 simus
779 3761 880 3818 sancti.
