2584 4267
445 305 568 369 lohelis
590 305 775 385 prophetae.
964 267 967 275 Ι
1037 307 1078 369 69
1176 253 1273 370 ’“

16 473 19 526 i
135 441 307 547 llcontre
333 502 408 546 vero
435 476 599 546 tenebras¹
631 481 710 563 metti
737 482 816 549 tobel
842 478 934 569 (utet)
963 478 1075 567 ficiet.²
1135 474 1136 477 ¹
1201 516 1211 530 ··
1227 439 1274 506 ᾔ

16 578 17 632 1
135 573 194 635 Sic
213 592 294 636 usus
317 578 367 635 est
389 577 421 635 et
443 572 608 634 Salomon:
632 572 780 636 Proverb.
804 567 982 636 XXVIffl:
1006 572 1080 635 Non
1223 596 1261 682 3⁴

135 662 348 741 extinguetur
370 661 406 723 in
427 666 520 723 nocte
543 663 673 723 lucerne.
696 662 774 725 eius.
814 663 922 741 Atque
943 663 979 725 hi
1002 667 1079 725 sunt

16 728 18 782 ?
133 745 278 831 poetici⁴
302 749 394 812 modi
416 749 571 828 loquendi
596 743 719 829 poetis⁶
745 750 931 812 familiares.
978 751 1080 815 Vocet

16 835 17 844 ’
128 838 213 919 ergo
237 837 326 901 diem
348 838 554 900 tenebrarum
576 843 608 899 et
630 838 792 918 caliginis,
816 838 905 901 diem
927 838 1024 903 nubis
1047 843 1080 900 et

16 930 17 978 l
133 927 294 1004 turbinis,
322 926 429 989 tristia
450 932 596 1006 tempore
622 932 655 989 et
681 924 787 990 *diem
810 926 1012 991 adversitatis
1039 946 1076 989 ac

132 1015 368 1078 tribulationie.

255 1174 347 1238 Sicut
369 1194 465 1237 mane
488 1194 669 1255 expansum
686 1176 787 1255 'super
810 1173 968 1253 montes.†
1068 1218 1069 1221 κ

227 1277 418 1343 Similitudo
440 1288 488 1344 est
511 1301 576 1362 qua
598 1281 739 1343 declarat
757 1282 936 1362 potentiam
951 1280 1079 1343 venturi

133 1368 299 1433 exercitus
323 1369 586 1433 edversariomm.
628 1371 754 1432 Aurora
776 1368 996 1433 irretentibilis
1019 1376 1076 1446 est,

127 1478 204 1520 non
238 1464 288 1521 est
319 1460 378 1537 qui
411 1479 483 1521 eam
512 1459 625 1540 possit
644 1458 798 1539 effugere,
834 1458 922 1536 tulis,
958 1457 1076 1538 inquit,

132 1546 249 1609 futura
271 1552 320 1610 est
342 1547 517 1623 multitudo
541 1547 670 1613 venturi
691 1548 803 1624 hostis,
827 1547 919 1610 cuius
942 1566 1078 1611 menum

130 1654 204 1696 non
226 1636 404 1715 poterimus
428 1636 582 1716 effugere,
611 1637 696 1699 sieut
717 1643 843 1700 montes
866 1637 977 1698 lumen
1000 1636 1077 1699 solis

34 1766 39 1775 .
132 1723 272 1794 orientis
299 1744 364 1787 non
391 1731 527 1804 possunt
553 1724 708 1806 effugere,
740 1725 821 1804 quin
843 1725 953 1788 veniat
982 1743 1077 1803 super

84 1853 95 1860 -
132 1831 190 1875 eos
214 1818 248 1874 et
270 1811 409 1875 declaret
431 1833 468 1875 ac
490 1814 647 1876 ostendat.

226 1900 282 1963 Sic
310 1907 343 1964 et
374 1902 469 1963 nobis
502 1922 578 1965 oum
607 1903 711 1965 ‘luroa
744 1898 912 1979 accidit.††
964 1899 1078 1965 Graeci

132 1989 241 2051 seeuri
264 1989 350 2051 nihil
371 1989 507 2069 periculi
529 1992 661 2052 subesse
679 1990 846 2069 putebant,
870 1995 942 2051 tum
966 1988 1077 2051 statim

132 2076 227 2140 venit
256 2078 361 2141 Turca
393 2084 426 2141 et
459 2078 645 2159 subiugavit
679 2098 732 2141 eos
766 2072 875 2140 albii*
923 2077 995 2140 Hoc
1029 2083 1077 2141 est
1182 2150 1185 2153 .

133 2165 225 2245 quod
239 2165 360 2229 Paulus
383 2164 501 2247 niti-ll
523 2187 598 2229 cum
621 2166 764 2229 dixerint
783 2186 848 2247 pax
863 2172 896 2229 et
910 2167 1073 2245 securitas,

131 2260 215 2317 tunc
241 2255 429 2335 repentinus
458 2257 506 2318 eis
539 2254 743 2336 superveniet
775 2255 935 2319 interitus.
982 2255 1075 2317 Idem

130 2342 233 2406 hodie
267 2344 369 2406 nostri
404 2363 532 2425 quoque
566 2344 690 2428 egregie
723 2343 881 2420 indicent,
921 2363 955 2406 se
988 2344 1076 2424 ipsos

131 2430 332 2493 consolaturi
354 2432 522 2511 inquiunt,
553 2453 619 2495 non
640 2433 749 2495 veniet
771 2452 867 2513 super
888 2452 961 2508 nos,
991 2432 1076 2494 nihil

132 2520 255 2599 poterit
276 2520 379 2583 hostis
402 2520 602 2584 adversariis
623 2526 790 2601 praesente
812 2521 906 2584 nobis
932 2519 1074 2583 dominc.

132 2609 224 2671 Bene
253 2607 395 2687 quidem.
442 2609 508 2672 Piis
543 2609 634 2672 adest
667 2609 832 2687 dominus,
868 2610 927 2671 hos
957 2614 1074 2684 tuetur,

134 2698 196 2760 hos
220 2698 326 2777 eripit,
349 2697 469 2778 impios
491 2718 558 2760 non
580 2698 668 2761 item.

135 2854 255 2919 Coram
277 2876 315 2919 eo
337 2877 437 2938 vorax
459 2857 543 2938 ignis
567 2861 694 2938 etpost
716 2878 792 2920 eum
806 2856 917 2920 lucens
931 2854 1073 2919 flemma.

226 2964 447 3043 Hieronymus
484 2964 572 3026 hunc
616 2970 744 3027 textum
788 2961 830 3025 ad
867 2963 1075 3027 locustast
1044 2968 1075 3025 et

227 3136 255 3206 *)
273 3138 382 3206 Incrp1t
399 3156 427 3207 p
446 3137 498 3192 XI
516 3136 969 3207 Msoi.**)n1rcaovietoria

228 3330 255 3401 1)
274 3333 418 3402 tenebras,
437 3333 629 3388 calamitatem
647 3337 677 3387 et
694 3334 828 3403 pericula
866 3334 894 3402 2)
912 3333 1076 3401 germanica

174 3403 339 3485 etpretatio
363 3404 452 3458 deest.
489 3405 517 3473 3)
535 3405 579 3459 31.
599 3404 711 3473 [Editor
728 3404 848 3459 Lutheri
871 3420 996 3460 errorem
1018 3420 1074 3459 cor·

178 3474 220 3527 nt
221 3470 311 3543 ]i†i†
346 3474 375 3543 4)
393 3473 478 3529 deest
492 3404 659 3544 postium}
660 3475 783 3544 )poetis
801 3492 923 3543 quoque.

170 3582 353 3595 -ιι--υ-ι-

224 3632 254 3703 †)
273 3634 367 3687 Simili
389 3634 483 3701 pingit
505 3636 550 3689 fut
538 3639 633 3689 turam
656 3636 855 3689 calamitatem.
892 3634 939 3703 ἢ)
960 3635 1074 3688 Accom·

167 3704 263 3759 edatio
285 3704 324 3759 od
351 3720 405 3758 noa
419 3711 458 3759 et
480 3711 580 3759 nostra
604 3711 705 3775 tempo
704 3722 743 3760 ra.
786 3704 1072 3774 †††)11.rn.eas

179 3776 220 3845 Η)
238 3778 313 3831 Lux.
333 3776 403 3829 Pax.
421 3777 503 3833 Ptov.
522 3774 566 3830 31.
593 3778 741 3832 Tenebrae
759 3781 788 3830 et
805 3778 904 3843 caligo.

1246 2917 1279 2999 d

1251 2992 1279 3153 i

1015 3226 1279 3641 l

1223 3696 1279 3855 l
