2584 4267
422 288 521 352 Joelis
543 290 728 383 prophetae.
980 292 1041 354 281

219 466 269 528 Et
292 465 476 529 dominus
499 486 588 547 spes
611 468 764 548 populo
788 486 873 543 suo,
903 474 941 529 et
963 488 1042 531 mu-

156 555 259 618 nitio
283 555 390 617 filiis
413 556 550 617 lsrael
597 557 646 618 Et
675 556 820 618 scietis
850 557 1045 637 quoniam

157 664 225 724 ego
255 644 443 708 dominus
473 644 570 706 deus
600 650 751 721 vester,
782 645 975 709 habitans
1003 647 1044 708 in

157 734 264 811 Zion,
289 739 419 796 monte
443 739 583 796 sancto
604 753 699 796 mee.

197 857 267 919 Hoc
290 863 348 934 cst,
372 877 484 921 omnes
507 857 564 937 qui
586 877 697 920 vocem
713 857 802 920 illam
817 858 935 921 humili
951 858 1044 921 corde

119 946 354 1026 amplectuntur,
389 952 422 1009 et
451 946 616 1009 subiicunt
642 967 677 1009 se
712 946 843 1009 domino
877 946 1043 1023 iudicanti,

116 1034 161 1096 his
182 1035 250 1115 ipse
273 1034 424 1097 dominus
447 1055 520 1116 spes
543 1055 601 1098 seu
623 1035 742 1098 fiducia
764 1035 832 1111 erit,
858 1041 890 1098 et
912 1057 978 1112 arri,
1003 1036 1045 1099 ad

116 1143 206 1203 quam
228 1122 451 1203 confugientes
482 1124 547 1187 sint
569 1123 632 1186 tuti
663 1124 704 1186 ab
732 1124 879 1186 om'nium
901 1125 1045 1187 hostium

116 1212 143 1274 vi
170 1217 202 1274 et
231 1212 364 1274 insultu.
417 1212 478 1274 His
508 1213 621 1293 paucis
650 1212 755 1275 verbis
783 1219 946 1292 utrunque
976 1234 1043 1293 pro·

115 1301 205 1381 pheta
228 1300 314 1378 facit,
339 1307 377 1364 ut
398 1301 546 1364 ostendat
562 1300 642 1382 quid
658 1301 846 1380 evangelion
866 1300 902 1362 in
918 1321 1046 1364 summa

115 1389 219 1452 doceat
253 1395 286 1452 et
318 1389 391 1469 quis
425 1389 518 1453 verus
549 1391 601 1452 dei
631 1390 737 1452 cultus
772 1390 821 1452 sit.
874 1384 973 1466 ¹Lex,
1009 1397 1047 1454 ut

115 1476 201 1558 saepe
225 1478 384 1554 diximus,
416 1479 587 1560 praecipue
609 1479 690 1542 haec
713 1479 777 1541 duo
801 1479 880 1558 agit,
906 1479 1046 1542 ostendit

116 1567 187 1647 quid
211 1588 231 1629 a
253 1567 348 1630 nobis
371 1568 478 1647 exigat
501 1567 590 1645 deus,
615 1574 648 1630 et
670 1565 814 1632 minatur
836 1587 956 1650 poenas
979 1589 1046 1632 non

116 1656 239 1718 facienti
260 1657 460 1719 voluntatem
491 1657 552 1720 dei.
599 1657 671 1720 Etsi
701 1658 790 1719 enim
817 1657 1045 1738 promissiones

116 1765 236 1824 quoque
259 1744 385 1808 additas
408 1746 521 1822 hahet,
550 1752 661 1808 tamen
689 1747 766 1824 quia
795 1751 910 1807 natura
937 1752 1046 1807 nostra

115 1841 237 1913 peccato
260 1834 305 1896 sic
328 1840 378 1897 est
399 1840 557 1915 corrupta,
585 1835 784 1897 voluntatem
807 1833 860 1895 dei
883 1833 986 1896 facere
1009 1838 1046 1897 ut

116 1942 174 1984 uon
195 1922 311 2004 possit,
336 1923 455 1986 frustra
476 1923 705 2005 promissiones
728 1923 790 1985 hoc
811 1922 847 1983 in
868 1911 939 1984 lo'oo
963 1943 1044 1984 com·
1137 1925 1138 1928 ’

117 2031 334 2074 memoramus.
374 2011 458 2074 ,Sed
496 2032 570 2074 cum
604 2005 721 2074 Paulo2
764 2030 835 2075 vere
874 2011 1045 2074 statuimus

116 2099 210 2179 legem
241 2120 309 2163 esse
339 2100 556 2163 ministerium
583 2101 711 2177 mortis,
743 2099 904 2178 siquidem
935 2099 1043 2179 exigit,

117 2189 195 2267 quod
217 2195 378 2270 praestare
401 2210 467 2253 non
490 2209 672 2271 possumus,
698 2196 730 2251 et
745 2189 837 2251 addit
852 2188 1046 2251 sententiam

117 2278 229 2341 mortis.

189 2358 281 2429 '³Sed
311 2367 500 2447 evangelion
522 2373 571 2431 est
598 2366 758 2442 doctrina,
789 2387 871 2446 quae
900 2387 980 2442 non,
1009 2372 1046 2430 ut

118 2454 176 2532 lex,
205 2455 305 2536 exigit
335 2455 414 2536 quid
444 2456 617 2533 faciamus,
654 2476 714 2519 nec
740 2456 880 2519 intentat
906 2476 1046 2536 poenam

118 2545 234 2622 mortis,
264 2545 322 2608 sed
352 2550 472 2607 certam
495 2564 587 2625 spem
610 2544 689 2608 facit
711 2545 795 2607 ntae
819 2545 916 2608 etiam
939 2565 1044 2625 pecca·

119 2634 244 2710 toribus,
275 2635 304 2696 si
332 2633 429 2696 modo
456 2633 491 2694 in
519 2632 683 2696 Christum
706 2633 846 2695 credant.
892 2632 1047 2712 Proponit

119 2723 196 2785 enim
218 2724 322 2786 filium
345 2723 397 2785 dei
419 2727 551 2802 propter
573 2742 633 2784 nos
657 2722 780 2782 facturn
802 2721 982 2796 hominem,
1015 2727 1047 2782 et

119 2819 237 2893 propter
257 2817 390 2893 peccata
412 2816 522 2872 nostra
546 2810 690 2884 oblatum
714 2808 877 2870 victimam
892 2808 928 2869 in
943 2827 1044 2870 cruce.

118 2898 202 2962 Hanc
223 2901 364 2963 hostiam
387 2919 446 2980 pro
469 2899 535 2961 suis
558 2898 697 2979 peccatis
721 2917 795 2959 curn
819 2896 898 2958 serio
921 2896 1044 2958 intuen·

120 2991 165 3048 tur
179 2989 286 3066 animi,
312 2994 443 3069 sperant
462 2993 667 3069 peccatorum
682 2986 820 3061 veniam,
845 2990 877 3047 ct
892 2983 933 3046 ad
948 2985 1047 3046 deum

120 3076 308 3157 confugiunt,
333 3071 430 3157 quein
454 3083 629 3157 antequam
653 3075 809 3155 evangelii
832 3094 895 3137 vox
910 3077 1045 3147 sonaret,

120 3169 153 3225 ut
171 3165 294 3228 hostem
317 3167 514 3229 metuebant.

204 3247 354 3318 ⁴Notabis
399 3254 486 3334 quod
524 3261 687 3335 utrunque
725 3272 861 3327 nomen,
909 3252 978 3332 spei
1016 3257 1048 3314 et

121 3340 227 3420 refugii
270 3363 327 3405 seu
373 3343 469 3419 arcis,
523 3344 730 3406 manifestam
781 3341 1047 3420 significationem

173 3436 211 3493 tet
249 3433 479 3513 periculorum,
533 3432 568 3493 in
615 3432 733 3512 quibus
779 3435 894 3492 natura
936 3449 1046 3492 omnes

173 3539 281 3583 samur.
340 3521 403 3584 Cur
443 3520 532 3583 enim
570 3520 809 3601 promitteretur
848 3537 938 3599 spes,
985 3517 1048 3578 nisi

177 3643 325 3654 —.-...

205 3692 231 3759 1)
252 3695 312 3748 Lex
339 3696 394 3750 dei.
437 3695 466 3761 2)
489 3695 562 3747 Ien.:
593 3693 619 3746 2.
646 3691 711 3747 Gor,
734 3692 760 3745 3.
806 3691 834 3758 3)
862 3689 1046 3754 Evangelion.

173 3763 288 3820 rr‘ericula
306 3767 337 3820 in
355 3765 460 3834 quihus
478 3765 611 3820 vivimus.
