2584 4267
521 220 758 300 Prolegomena
1044 217 1108 282 503

215 414 251 456 se
281 394 316 456 in
342 393 494 458 maximis
522 395 674 477 periculis
701 397 826 476 erigant
852 403 886 459 et
908 395 1107 459 confirment.

215 501 299 563 (lum
309 501 407 581 igitur
417 500 503 564 felici
513 503 622 566 omine
632 505 669 566 in
680 503 866 583 exemplum
877 503 1025 565 omnium
1038 523 1108 584 pro·

213 608 400 688 phetarum,
425 613 559 688 excepto
581 607 664 671 Osca
685 615 718 671 et
739 609 888 685 Daniele,
911 607 1107 684 incidissem,

212 735 343 776 summa
365 713 533 794 diligentia
555 735 575 776 a
595 714 738 778 studioso
761 715 903 797 quodam
925 721 1107 798 exceptum,

213 822 304 884 nolui
324 826 428 884 vtanto
462 821 612 884 thesauro
635 821 803 884 ecclesiam
832 821 970 903 privare,
1008 841 1108 902 quam

214 946 301 989 nunc
324 932 374 990 tot
395 927 563 990 inutilibus
586 933 619 991 et
640 927 809 997 maledicis
831 928 957 1009 scriptis
973 926 1108 1008 quidam
1150 946 1154 952 ’
1283 932 1285 935 ’

211 1031 361 1095 homines
384 1033 552 1096 temerarii·
568 1035 719 1098 obruunt
766 1035 808 1097 Et
830 1040 940 1098 tamen
963 1032 1107 1114 nequid

48 1143 53 1150 '
178 1159 181 1163 ·
211 1159 233 1200 a
254 1159 308 1200 me
335 1139 425 1202 fieret
456 1147 574 1204 contra
593 1141 793 1204 voluntatem
822 1141 941 1204 autoris
971 1139 1106 1204 adhibui

210 1244 254 1306 ad
281 1245 525 1326 castigationem
559 1249 677 1310 horum
709 1247 904 1310 scholiorum
938 1246 1106 1308 hominem

208 1349 399 1431 diligentem
433 1360 466 1416 et
499 1353 681 1417 studiosum
714 1353 859 1435 pietatis,
895 1352 954 1433 qui
984 1353 1105 1416 multos

167 1481 169 1483 ·
208 1477 314 1521 annos
348 1460 599 1540 Vuittenbergae
633 1459 763 1535 didicit,
786 1465 843 1522 ¹ut
876 1478 951 1522 cum
985 1457 1105 1523 iudicio

207 1565 320 1627 omnia
350 1566 517 1646 relegaret,
553 1573 586 1629 et
613 1563 771 1629 conferret
799 1566 1035 1646 expositionem
1063 1565 1105 1627 ad

165 1723 166 1728 ,
208 1672 452 1754 translationem
464 1671 691 1752 germanicam.
719 1671 998 1753 Deprehendimus
1014 1671 1101 1734 enim

206 1777 307 1840 etiam
344 1779 399 1841 hic
436 1799 549 1841 verum
586 1797 655 1840 esse
693 1777 781 1857 quod
819 1778 932 1840 Gracci
970 1778 1099 1854 dicunt,

209 1883 354 1967 δευτέραι
375 1865 542 1968 φρονὲίδες
564 1886 752 1966 soporeque

275 1991 379 2064 Quare
403 2011 565 2055 sacrarum
587 1992 754 2054 literarum
776 1990 929 2054 studiosis
943 1997 1008 2054 tres
1028 2010 1098 2071 pro-

206 2097 330 2176 phetas,
353 2098 505 2175 Iohelem,
529 2099 630 2162 Amos
653 2105 687 2162 et
700 2097 842 2161 Abdiam
864 2117 952 2161 nunc
972 2096 1098 2173 damus,

204 2202 290 2266 sicut
312 2223 366 2266 eos
389 2206 427 2266 D.
452 2205 610 2268 Lutherus
633 2206 670 2268 in
692 2205 802 2268 schola
815 2203 1100 2283 Vuittenbergensi

204 2311 369 2391 praelegit.
416 2312 482 2382 Nec
504 2313 709 2388 dubitamus,
739 2312 820 2392 quin
848 2311 933 2373 hanc
955 2315 1099 2372 nostram

203 2436 335 2497 operam
357 2418 530 2500 probaturi
545 2419 612 2482 sint
633 2437 746 2482 omnes
768 2436 861 2482 verae
883 2417 1012 2498 pietatis
1035 2422 1097 2480 stu-

203 2521 295 2586 diosi.
342 2525 422 2598 Quis
451 2526 539 2588 enim
565 2545 632 2600 non
659 2531 745 2589 amet
774 2523 955 2604 simplicem
977 2529 1011 2586 ct
1032 2541 1097 2603 ger·

203 2649 336 2693 manam
357 2632 393 2694 in
415 2632 494 2695 locis
515 2637 585 2694 tam
608 2631 752 2694 obscuris
775 2636 808 2692 et
829 2629 1002 2704 intricatis,
1026 2633 1098 2691 tum

203 2735 246 2798 ob
268 2737 432 2815 historias,
457 2745 528 2803 tum
551 2738 592 2802 ob
615 2737 746 2818 linguae
767 2734 989 2812 incommoda,
1014 2755 1097 2816 quac

203 2841 300 2905 hodie
315 2863 398 2924 pene
413 2843 586 2920 intercidit,
603 2843 820 2906 sententiam?
847 2842 890 2905 Et
904 2848 955 2906 est
968 2861 1097 2922 quoque

203 2947 266 3010 alia
288 2949 369 3012 ratio
392 2971 448 3014 cur
470 2957 615 3015 nostram
630 2970 762 3032 operam
777 2956 810 3012 et
825 2948 971 3012 studium
993 2949 1096 3030 magis

202 3055 336 3136 probare
358 3056 436 3120 boni
458 3057 606 3121 debeant.
652 3058 737 3119 Nam
759 3075 834 3119 cum
856 3056 912 3119 isti
934 3057 1014 3133 fere,
1039 3057 1097 3136 qui

202 3159 263 3224 hoc
303 3163 409 3226 seculo
445 3164 684 3228 commentariis
726 3163 899 3245 prophetas
937 3162 1096 3226 illustrare

201 3267 309 3329 conati
336 3276 427 3346 sunt,
468 3278 524 3335 aut
557 3271 698 3335 Iudaicis
732 3269 868 3334 somniis
890 3269 964 3351 plus
994 3269 1104 3338 nimio.

201 3370 412 3451 delectentur,
444 3382 501 3439 aut
523 3397 590 3440 non
608 3376 796 3441 necessariis
819 3375 976 3454 allegoriis
997 3375 1094 3438 histo·

199 3478 283 3540 riam
305 3480 488 3559 obscurent,
524 3503 607 3564 quae
636 3484 680 3547 ad
702 3488 903 3566 praesentem
932 3481 1034 3544 vitam
1050 3488 1096 3546 et

201 3587 380 3650 necessaria
419 3588 562 3652 maxime
597 3595 629 3652 et
662 3589 835 3654 utilissima
868 3595 925 3652 est.
987 3588 1096 3652 Potest

199 3691 333 3756 Lutheri
347 3694 427 3758 haec
442 3696 581 3778 simplex
597 3703 629 3760 et
643 3716 797 3777 germana
808 3680 965 3783 enarratio
980 3696 1094 3760 docere
