2584 4267
403 312 503 378 Joelis
525 313 711 396 prophetae.
963 317 1026 381 189

97 491 293 569 oeremonias,
329 510 367 553 aa
396 491 490 554 facile
520 492 597 555 inde
624 498 732 573 potest
758 491 908 569 iudicari,
944 513 1027 574 quae

97 581 280 645 ceremoniae
295 579 480 643 tolerandae
495 586 553 644 aut
565 581 795 659 instituendae,
813 601 903 662 quae
918 589 1027 646 autem

97 669 258 732 abolendae
280 669 355 732 sint.
922 696 926 704 =

176 754 241 820 lDe
263 757 558 839 vera'poenitentia
588 759 747 835 diximus,
779 759 926 822 inchoari
954 779 1026 822 eam

96 847 129 909 ab
149 847 310 926 agnitione
337 848 482 929 peooati‚·
506 849 594 928 quod
621 867 680 912 sua
707 853 823 912 natura
850 867 926 912 oum
954 868 1027 913 vere

97 955 144 998 nos
164 936 277 1017 arripit
298 936 388 998 aliud
402 937 486 999 nihil
507 943 624 1017 potest,
650 957 748 1017 quam
764 943 889 1014 terrere,
914 937 1028 1001 anxios

47 1036 51 1045 ·
96 1023 222 1101 reddere,
246 1044 286 1087 ao
299 1025 336 1087 in
350 1025 608 1106 desperationem
623 1026 761 1106 adigere,
778 1026 902 1090 absolvi
916 1033 1026 1090 autem

96 1113 149 1175 fide
166 1113 201 1175 in
224 1113 401 1191 Christum,
424 1114 459 1176 in
482 1133 548 1195 quo
570 1114 651 1178 deus
674 1135 708 1178 se
731 1115 825 1178 uobis
847 1115 1025 1195 benignum

96 1220 126 1263 aa
144 1202 305 1283 placatum
327 1203 477 1266 ostendit.
525 1203 693 1284 Siquidem
716 1224 871 1285 pereum
900 1204 1025 1285 expiari

96 1290 227 1354 omnium
243 1296 388 1372 peecata
414 1291 525 1356 voluit.
578 1293 670 1356 Haeo
699 1293 834 1374 singulis
863 1299 1025 1374 praestare

97 1379 160 1442 satia
181 1386 238 1456 est,
262 1399 323 1443 nee
345 1381 425 1444 deus
441 1382 616 1461 quiequam
631 1381 720 1444 aliud
735 1381 864 1446 anobis
879 1381 1023 1462 requirit.

96 1466 167 1530 Nam
200 1489 336 1551 pavores
372 1470 420 1532 illi
457 1470 570 1533 odium
607 1471 731 1551 peceati
770 1471 944 1547 instillant,
991 1477 1024 1534 et

97 1557 217 1620 affuant
244 1559 392 1622 studim
422 1559 673 1636 emendationis,
709 1578 896 1640 quanquam
926 1560 1023 1623 facul·

96 1651 191 1708 tatem'
215 1667 285 1710 non
321 1653 495 1728 praestant.
562 1649 613 1711 Fra
649 1649 737 1710 enim
774 1667 832 1730 per
872 1648 1023 1736 spiritum

98 1741 225 1798 ancum
249 1737 414 1799 causemur
435 1742 469 1800 et
490 1737 555 1800 fide
569 1737 606 1799 in
620 1737 785 1800 Christum
799 1725 1021 1814 iustificamur‚

97 1821 146 1885 hoo
176 1831 237 1904 est,
278 1830 410 1906 peecata
442 1826 537 1889 nobis
571 1845 638 1888 non
672 1826 885 1908 imputantur.
936 1827 1023 1888 Deus

98 1910 179 1989 igitur
198 1915 260 1977 hoo
282 1914 381 1977 modo
404 1913 468 1978 sibi
489 1914 638 1978 satisfieri
661 1915 749 1992 sinit,
774 1919 807 1977 et
821 1919 930 1976 tamen
953 1934 1021 1995 pro·
1077 1931 1079 1934 ·

99 1999 178 2078 pheta
201 2008 280 2083 post
308 2003 393 2066 hano
420 2003 602 2087 doctrinam
632 2003 732 2066 etiam
762 2003 802 2066 de
834 2003 1023 2066 ceremoniis

99 2091 242 2173 praeripit.
293 2092 357 2154 Gur
377 2093 462 2155 hoo?
705 2099 708 2104 '
1120 2101 1122 2105 ’

169 2180 368 2262 Respondeo.
409 2175 572 2245 'Ecclesia
586 2182 760 2244 electorum
775 2179 952 2244 admodum
975 2186 1024 2242 est

100 2265 206 2347 exigua,
234 2271 337 2333 hahet
366 2275 476 2333 autem
505 2271 685 2332 maximam
711 2271 871 2333 malorum
893 2269 1022 2332 turbam

99 2354 268 2422 admixtam.
314 2359 506 2423 Pauoissimi
532 2360 632 2440 igItur
660 2359 735 2423 oum
758 2359 837 2436 sint,
870 2359 927 2440 qui
949 2379 1022 2422 vere

100 2447 274 2524 poeniteant,
298 2435 410 2510 maior*
423 2454 532 2511 autem
554 2467 629 2530 pars
652 2454 808 2530 perpetuo
826 2448 877 2511 sui
892 2453 1023 2510 maneat

100 2531 201 2612 similis
224 2555 357 2600 necesse
380 2542 438 2613 est,
470 2542 509 2600 ut
531 2538 702 2615 sisaran,
731 2538 789 2618 qui
811 2556 903 2601 verae
926 2537 1023 2600 eoele-

101 2619 151 2684 aiae
169 2627 314 2690 membra
335 2646 402 2689 non
425 2632 519 2703 sunt,
543 2627 704 2692 scandalis
727 2632 859 2690 nocent:
890 2626 941 2688 Ita
965 2626 1022 2705 qui

102 2716 161 2773 aunt
179 2733 270 2777 verae
294 2715 445 2778 eeclesiae
468 2716 616 2792 membra
637 2715 785 2797 exemplo
802 2734 861 2778 suo
877 2715 956 2778 alios
979 2714 1021 2775 ad

101 2801 314 2875 paenitentiam
341 2803 488 2868 invitent.
534 2803 606 2868 Hoe
632 2804 732 2884 igitur
762 2804 826 2866 fine
852 2801 1021 2866 institutae

102 2884 293 2969 ammoniae,
322 2893 395 2974 piae
425 2898 459 2956 et
480 2893 636 2956 salutares
659 2896 749 2968 sunt,
779 2890 904 2954 faciunt
933 2888 1021 2952 enim

103 2973 134 3038 ad
162 2980 297 3045 salutem
327 2981 475 3064 ‘proximi
512 2988 545 3046 et
581 2982 717 3062 gloriam
751 2979 812 3042 dei.
870 2977 933 3042 Sed
971 2997 1021 3041 res

103 3069 226 3149 exemplo
248 3071 308 3133 fiet
321 3071 444 3135 clarior.
480 3071 571 3135 Soliti
586 3077 663 3134 sunt
676 3069 790 3132 Iudaei
804 3068 839 3132 in
859 3065 1020 3151 periculis,

103 3150 167 3217 deut
192 3177 231 3221 ex
259 3159 325 3223 hoo
352 3160 423 3224 loeo
458 3161 561 3241 liquot
593 3159 753 3222 ieiunium
786 3150 1015 3233 sanctificare,³

103 3237 150 3304 hoo
168 3252 225 3324 est,
251 3249 383 3330 publice
405 3250 559 3312 mandare
581 3249 756 3325 ieiunium,
788 3267 826 3311 ao
847 3246 883 3309 id
906 3247 1020 3310 sancti·

104 3326 186 3410 fieare,
206 3337 243 3400 id
264 3344 323 3414 est,
346 3343 493 3420 tempore
516 3338 584 3400 eius
606 3336 709 3400 ieunii
731 3341 838 3418 petere
853 3336 906 3400 vel
927 3355 1018 3416 syna-

160 3442 189 3498 as,
211 3426 262 3490 vel
283 3427 449 3509 templum
468 3432 501 3490 et
522 3426 569 3490 ibi
591 3426 703 3490 audire
718 3425 857 3490 verbum
868 3424 930 3502 dei,
955 3445 1020 3505 quo

152 3571 294 3586 ᾖ

176 3651 200 3719 1)
217 3655 405 3711 Poenitentia.
434 3654 462 3724 2)
481 3654 549 3709 edit.
569 3651 680 3708 &lenz
701 3651 934 3710 Ceremoniarum
953 3651 1019 3716 quis

161 3727 189 3776 at
216 3741 279 3781 esse
308 3727 376 3782 finis
406 3727 438 3780 in
468 3724 594 3779 ecclesia.
640 3725 735 3779 wita:
768 3721 1019 3780 caeremoniarum

160 3791 180 3847 is
201 3811 261 3866 sqq.
297 3797 326 3866 3)
345 3797 491 3852 Ieiunium
508 3796 694 3852 sanctificare.
