2584 4267
817 284 860 348 J
861 284 1013 349 oelis
1058 284 1432 367 prophetae.
1937 285 2061 350 25³ss

210 465 415 529 divina
455 482 627 544 aqua
671 467 799 539 est,
848 482 983 525 non
1026 461 1171 524 ideo
1217 462 1459 536 solum,
1509 461 1663 540 quia
1705 459 2065 544 baptismus

209 575 249 618 a
286 553 526 616 Christo
572 551 935 633 institutus,
997 557 1063 615 et
1120 570 1311 614 carne
1368 549 1575 632 ipsius
1621 557 1843 614 sancta
1886 571 2065 614 mun-

211 644 381 707 datus
424 647 539 718 est,
587 640 703 703 sed
749 639 905 720 quia
947 639 1099 703 huic
1145 659 1351 720 aquae
1381 638 1653 704 verbum
1697 645 1764 702 et
1807 639 2069 722 spiritus¹

211 737 449 795 sanctus
518 736 618 817 est
683 729 964 794 additus.
1055 729 1121 792 Is
1178 728 1479 810 purificat
1534 727 1729 792 eorda
1785 728 1912 791 fide
1929 777 1943 805 ,
2005 741 2073 790 01,

212 819 503 900 quicquid
546 818 840 881 sordium
882 824 997 894 est,
1045 818 1137 881 sic
1182 817 1407 894 abluit,
1456 836 1540 879 ne
1585 836 1705 881 nos
1737 817 2065 882 damnent.

107 918 112 926 '
212 907 361 972 Sunt
398 907 593 992 igitur
637 908 799 971 haec
841 907 1190 989 praecipua
1228 904 1534 969 ‘ecclesiae
1566 905 1754 984 dona,
1800 905 2069 970 verbum

212 1003 272 1061 et
308 1001 719 1073 sacramenta,
767 1016 932 1076 quae
964 996 1156 1059 ambo
1186 1015 1260 1058 eo
1291 995 1561 1073 faciunt,
1609 1001 1686 1058 ut
1713 1001 2069 1060 statuamus·

214 1085 531 1149 dominum
600 1104 739 1149 esse
797 1105 981 1167 spem
1049 1090 1336 1148 nostram
1352 1133 1367 1161 ,
1440 1090 1508 1148 et
1573 1085 1896 1164 refugium
1962 1103 2065 1148 nn*

216 1181 417 1238 strum.
508 1175 700 1236 Hanc
746 1173 1077 1237 ecclesiam
1123 1173 1408 1255 appellat
1459 1173 1779 1254 propheta
1833 1173 1958 1237 1100
2001 1174 2073 1234 111

216 1263 335 1327 1000
373 1263 637 1338 Iudam,
652 1257 676 1294 ¹
732 1261 1050 1342 significat
1108 1268 1327 1325 autem
1366 1261 1538 1324 Iuda
1581 1260 1915 1324 hominem
1959 1266 2073 1342 qni

214 1352 499 1432 agnoscit,
549 1312 905 1427 confitetur,
955 1357 1019 1415 et
1061 1350 1286 1414 laudat
1331 1351 1547 1427 deum,
1595 1356 1857 1432 propter
1884 1371 2065 1414 111100-

216 1441 535 1504 ricordiam
592 1460 780 1504 suam
832 1440 1121 1527 humano
1177 1439 1394 1521 generi
1439 1399 1818 1503 exhibitam.
1909 1440 2065 1502 Reli

218 1529 316 1608 qui
356 1530 529 1592 enim
574 1548 829 1605 omnes,
890 1529 1006 1609 qui
1065 1529 1189 1592 hoc
1246 1529 1634 1592 beneficium
1692 1549 1827 1592 non
1872 1528 2065 1592 admi-

218 1624 416 1682 rantur
460 1623 526 1682 et
569 1617 962 1700 praedicant,
1008 1617 1205 1680 deum
1249 1618 1722 1701 blasphemant.

371 1707 451 1769 In
478 1707 604 1771 1100
632 1707 1226 1788 blasphemantium
1254 1726 1526 1771 numero
1567 1727 1717 1770 cum
1745 1726 2073 1786 synagoga

215 1815 448 1876 quoque
494 1795 597 1872 sit,
646 1816 813 1877 quae
860 1796 1189 1860 Christum
1232 1801 1299 1858 et
1343 1794 1661 1877 apostolos
1707 1794 1960 1871 occidit,
2009 1806 2069 1858 et

213 1885 567 1964 evangelion
641 1891 718 1949 ut
791 1885 1319 1949 nocentissimam
1394 1890 1642 1965 pestem
1715 1882 2065 1958 damnavit.

216 1993 339 2037 non·
372 1980 651 2038 meretur
696 1994 937 2038 nomen
978 1976 1121 2050 hoo,
1170 1979 1245 2037 ut
1286 1972 1453 2035 Iuda
1494 1977 1773 2037 vocetur.
1843 1972 2073 2052 Itaque

216 2063 508 2145 propheta
581 2064 865 2145 appellat
919 2064 1291 2145 Aegyptum
1375 2081 1490 2124 seu
1564 2054 1910 2141 Mizraym²
2009 2070 2073 2122 et.

218 2150 405 2215 Edom
448 2153 759 2233 mizraym
804 2152 1125 2232 significat
1166 2151 1631 2226 tribulationes,
1679 2168 1800 2212 1100
1842 2148 2073 2214 dubito

217 2259 433 2304 nomen
475 2242 603 2304 hoc
646 2246 848 2305 terrae
892 2239 1178 2304 inditum
1207 2245 1466 2321 propter
1494 2238 1848 2314 historiam,
1897 2238 2073 2318 quod

220 2328 533 2408 posteritas
578 2330 771 2394 Iacob
818 2329 910 2392 sic
953 2329 1219 2410 indigne
1266 2350 1308 2390 a
1351 2328 1606 2408 regibus
1660 2327 1806 2391 istic
1848 2327 2073 2390 habita

217 2423 317 2481 est.
327 2410 352 2450 ³
459 2417 671 2482 Edom
746 2424 964 2482 autem
1039 2438 1277 2481 nomen
1352 2417 1550 2480 habet
1623 2435 1664 2480 a
1738 2417 2069 2497 sanguine

220 2503 415 2658 Hafc
448 2506 717 2572 nomina
790 2507 1123 2590 aptissime
1213 2505 1606 2570 conveniunt
1693 2505 2069 2571 adversat-u:

222 2613 311 2658 ecc
333 2595 514 2660 esiae.

415 2740 829 2820 Aegyptus
920 2735 1472 2817 desolabitur,
1565 2734 1822 2798 Edom
1912 2736 2077 2798 erit

294 2833 603 2891 vastum
706 2825 1151 2904 desertum,
1262 2824 1462 2907 quia
1558 2822 1788 2886 filios
1877 2822 2074 2886 Iuda

234 2917 236 2919 ’
295 2913 917 2998 dissipaverunt,
967 2922 1046 2980 et
1090 2913 1568 2978 effuderunt
1613 2909 2073 2992 sanguinem

293 3002 816 3068 innocentem
904 3004 991 3068 in
1061 3011 1291 3069 terra
1378 3002 1751 3084 ipsorum.
1871 2999 2069 3062 Iuda

295 3099 541 3157 autem
584 3093 1014 3171 habitabit
1054 3093 1139 3157 in
1171 3094 1624 3166 aeternum,
1675 3095 1753 3155 et
1792 3089 2069 3176 Hieru-

297 3183 540 3260 salem
616 3182 698 3245 in
775 3183 1398 3263 generationem
1464 3186 1546 3244 et
1613 3179 2070 3260 generatin-

297 3289 479 3335 nem.
598 3271 1083 3352 Sanguinem
1150 3277 1407 3334 autem
1473 3268 1834 3352 ipsorum
1901 3289 2069 3349 gra-

297 3358 496 3424 viter
563 3360 939 3425 ulciscar.
1034 3360 1128 3424 Et
1194 3358 1575 3422 dominus
1643 3357 2073 3436 habitabit

364 3502 368 3509 .
409 3451 623 3514 Zion.

378 3573 468 3635 De
512 3574 826 3656 Mizraym
880 3580 945 3638 et
990 3572 1200 3636 Edom
1255 3578 1331 3636 ut
1375 3570 1514 3634 dixi
1533 3621 1546 3648 ,
1609 3570 1885 3634 dubium
1939 3570 2069 3629 11111-

386 3764 435 3832 1)
470 3767 629 3822 Iuda.
704 3765 761 3834 2)
801 3766 1094 3835 Mizraym.
1168 3764 1225 3832 3)
1266 3764 1466 3818 Edom.
