2584 4267
229 307 293 371 256
576 307 681 388 Caput
702 306 834 368 tertium

227 486 294 547 suis
317 484 457 547 cultibus
480 490 548 549 erat
570 483 765 546 abolendum
793 487 867 564 post
895 482 1087 545 sacrificium
1111 483 1175 546 filii

227 574 290 649 dei,
314 573 394 636 Zion
415 579 525 636 autem
540 571 674 636 Davidis
690 592 748 634 arx
770 572 843 648 fuit,
868 572 959 634 cuius
982 581 1057 634 eum
1081 573 1174 636 filius

227 663 269 725 sit
291 662 453 738 Christus,
480 662 565 724 hano
588 660 823 742 patrissedem
845 665 952 723 tenere
976 661 1104 738 debuit,
1139 667 1175 724 et

226 745 357 831 regnare
380 751 415 812 in
437 751 500 814 hoo
521 751 653 832 populo,
677 751 723 813 sio
746 756 856 812 tamen
877 755 916 812 ut
938 769 1075 829 regnum
1097 749 1172 813 eiu's

226 861 292 902 non
316 840 358 902 sit
379 839 420 901 de
442 841 505 902 hoo
527 839 662 915 munda
686 844 718 901 et
740 839 810 922 ipse
829 858 923 902 mons
938 839 1017 902 Zion
1032 839 1172 920 impleat

225 935 331 991 totum
353 929 464 990 orbem
487 934 653 1004 terrarum,
678 928 751 994 1100.
779 923 827 990 2¹
868 928 940 990 Hoc
964 947 1039 990 oum
1054 927 1169 990 Iudaei

226 1017 380 1093 nesciant,
404 1018 528 1079 nullam
550 1017 798 1098 promissionem
821 1035 893 1080 vere
915 1022 1054 1097 possunt
1076 1016 1169 1080 intel-

225 1106 340 1186 ligere,
372 1112 406 1168 et
426 1107 510 1169 siout
531 1106 690 1187 propheta
711 1105 765 1168 hio
787 1106 870 1168 clare
892 1105 986 1168 docet
1012 1105 1055 1166 ad
1077 1105 1169 1170 iusti·

226 1195 306 1258 tiam
329 1201 362 1258 et
384 1196 522 1258 salutem
537 1195 645 1262 venire
669 1215 735 1257 non
750 1200 895 1275 possunt.
932 1194 1062 1258 Certum
1078 1195 1169 1256 enim
1203 1261 1210 1268 5

226 1305 268 1346 ex
289 1285 351 1346 hoo
372 1284 443 1346 loco
459 1290 516 1360 est,
541 1289 632 1346 extra
646 1284 814 1347 ecclesiam
828 1303 895 1348 non
910 1303 980 1346 esse
995 1277 1164 1360 salutem,a

224 1372 260 1435 id
283 1372 369 1452 quod
393 1372 562 1452 diligenter
584 1373 711 1435 notabis
733 1377 844 1448 contra
865 1371 1018 1436 fiduciam
1033 1393 1170 1454 operum

226 1467 258 1523 et
280 1461 399 1522 virium
421 1462 640 1527 humanamm
663 1461 969 1542 praesumptionem.

270 1620 320 1681 Et
349 1620 392 1681 in
421 1621 615 1700 reliquiis
645 1641 745 1700 quas
772 1621 962 1684 dominus
991 1605 1120 1685 uocat.

315 1727 547 1808 Coniungsnda
568 1728 648 1790 haee
671 1728 828 1807 particula
850 1733 918 1790 erat
941 1747 1016 1790 cum
1032 1748 1168 1808 sequen·

224 1817 321 1879 tibus.
367 1817 433 1879 Hic
462 1816 550 1879 enim
578 1817 694 1898 incipit
716 1817 906 1880 vaticinium
934 1817 1168 1880 devocatione

224 1906 380 1985 gentium,
403 1907 513 1986 itaque
535 1906 632 1986 paulo
656 1910 729 1988 post
752 1905 964 1986 explicabitur
986 1925 1006 1968 a
1028 1907 1132 1969 nobis.

337 2047 439 2120 Quia
461 2067 553 2112 ecce
575 2047 617 2109 in
640 2046 785 2110 diebus
808 2047 914 2122 illis,
945 2052 982 2112 et
1008 2047 1055 2110 in·
1075 2055 1167 2111 tem·

269 2156 366 2217 pore
398 2137 489 2213 illo,
529 2136 685 2217 quando
723 2140 952 2199 convertam
987 2138 1167 2220 captivi·
1224 2191 1226 2196 ,

269 2231 395 2288 tatem
428 2225 528 2287 Iuda
562 2232 599 2288 et
632 2224 869 2301 Ierusalem,
906 2227 1167 2307 congregabo

269 2334 404 2376 omnes
427 2321 571 2393 gentes
595 2320 635 2376 et
658 2313 898 2376 descendere
922 2333 988 2376 eos
1012 2315 1167 2378 faciam

269 2403 311 2462 in
333 2401 747 2479 vallemiudiciidei,
772 2401 1019 2467 etiudioabo
1043 2403 1167 2466 ibide

269 2490 346 2568 eis,
379 2495 540 2570 propter
562 2490 762 2572 populum
785 2512 928 2567 meum,
961 2498 998 2555 et
1020 2493 1166 2569 hacre-

268 2579 438 2640 ditatem
453 2598 579 2640 meam
594 2579 735 2656 Israel,
759 2600 876 2659 quam
892 2579 1168 2661 disperserunt

267 2667 373 2742 inter
396 2674 534 2748 gentes
558 2674 597 2732 et
619 2674 767 2730 terram
789 2669 913 2731 meam
935 2669 1166 2734 diviserunt

268 2761 308 2819 et
345 2777 461 2839 super
503 2758 690 2838 populum
734 2777 861 2820 meum
906 2759 1167 2838 proiecerunt

268 2852 416 2908 sortem
438 2853 477 2909 et
500 2846 699 2909 dederunt
721 2866 871 2928 pueros
894 2866 966 2927 pro
989 2848 1096 2926 cib0,
1129 2854 1168 2910 et

267 2934 735 3016 puellas-vendiderent
772 2953 843 3018 pro
885 2935 978 2999 vino
1024 2944 1064 3002 et
1110 2937 1165 3000 bi·

266 3024 423 3087 berunt.

310 3148 375 3210 Hic
396 3148 486 3210 locus
510 3148 551 3210 ab
573 3148 802 3229 interpretibus
825 3149 991 3224 omnibus,
1022 3167 1164 3228 quorum
1273 3137 1275 3182 ²

222 3236 355 3315 quidem
377 3236 496 3316 scripta
518 3243 646 3313 extant,
674 3237 836 3302 involutus
860 3238 963 3317 magis
986 3257 1087 3317 quam
1111 3257 1166 3300 ex·

222 3324 359 3406 plicatus
386 3331 444 3388 est.
498 3325 545 3387 De
575 3325 704 3396 Iudaeis
732 3326 814 3388 nihil
841 3327 928 3403 dieo,
965 3326 1042 3406 quis
1074 3326 1165 3407 quod
1273 3335 1275 3396 ῑ

222 3413 314 3475 vallis
347 3415 501 3497 iosaphat
533 3415 691 3496 propheta
724 3415 882 3492 meminit,
917 3415 976 3481 ad.
992 3415 1154 3478 historiam
1271 3397 1275 3508 ¹3

224 3503 254 3564 2.
278 3502 412 3584 Paralip.
439 3505 490 3566 20.
514 3505 603 3566 huno
624 3503 731 3565 locum
754 3504 1006 3568 accommodant.
1052 3504 1150 3566 Nostr

255 3784 266 3836 l
313 3711 340 3781 1)
365 3714 438 3767 Ien:
466 3711 618 3766 Esaiaei.
667 3711 695 3780 2)
721 3713 812 3768 Extra
842 3713 990 3770 ecelesiam
1025 3728 1085 3770 non
1116 3727 1149 3766 es

223 3799 309 3838 saus

954 3611 1275 4254 1
