2584 4267
503 253 738 334 Prolegomena.
1022 255 1087 319 505

196 447 250 492 rae
272 434 330 505 est,
354 449 453 510 quam
472 438 505 496 et
518 431 631 494 Iudaei
646 438 680 494 et
700 431 907 512 Allegoristae
929 431 1087 496 nesciunt.

163 553 167 576 ²
196 534 273 598 Ideo
300 535 342 599 ad
376 537 497 601 alienas
529 543 562 602 et
603 537 758 602 absurdas
791 538 1089 603 transformationes
1191 593 1195 601 ,

196 647 373 720 1011111111,
397 663 480 724 quae
496 644 661 725 nequead
684 642 844 707 docendos
859 644 940 727 pios,
965 665 1025 708 nec
1046 645 1089 708 ad

196 747 382 813 refutandos
394 750 580 815 Haereticos
592 758 669 816 sunt
679 751 784 814 utiles.
803 752 908 825 Quare
919 742 980 816 lias
991 753 1089 814 Enar-

196 853 336 918 rationes
347 855 386 918 D.
399 855 531 922 Martini
546 856 737 921 commendo
753 857 905 921 omnibus
921 857 1090 921 Sacrarmn

196 960 360 1024 literarum
389 963 556 1043 studiosis,
586 969 744 1045 tanquam
773 964 934 1045 insignem
963 964 1088 1027 thesau-

196 1085 285 1130 rum:
315 1088 352 1131 ac
379 1069 486 1133 daturi
508 1091 620 1135 sumus
643 1070 795 1153 deinceps
817 1069 957 1151 reliquos
980 1070 1087 1146 etiam

197 1173 225 1236 si
251 1180 289 1237 ut
319 1195 427 1257 spero,
463 1184 606 1241 nostram
639 1179 725 1241 hano
758 1197 890 1259 operam
923 1176 1090 1259 probarint

197 1279 284 1358 boni,
308 1281 429 1346 Valete.

244 1474 442 1540 Contendere
469 1497 544 1558 ergo
566 1478 715 1543 videmus
737 1478 908 1555 editorem,
937 1477 998 1540 1100
1025 1483 1090 1540 1100

153 1583 326 1664 prophetas
359 1572 446 1647 nunc
476 1583 560 1662 dari,
597 1586 682 1649 sicut
714 1605 768 1648 000
795 1587 833 1648 D.
865 1584 1024 1647 Lutherus
1054 1584 1090 1645 in

154 1688 263 1751 schola
285 1689 579 1770 Vuittembergensi
617 1692 787 1774 praelegit,
827 1689 883 1754 sed
923 1690 1090 1752 hominem

154 1794 335 1860 studiosum
373 1796 415 1860 ad
450 1798 695 1878 castigationem
730 1798 847 1861 horum
885 1796 1089 1872 scholiorum,

158 1901 359 1965 »adhibitum
382 1921 483 1980 esses
516 1923 584 1968 non
612 1906 669 1985 qui
697 1910 841 1987 tempore
868 1901 1092 1985 praelectionis

153 2007 319 2072 institutae
348 2009 404 2071 sed
432 2010 490 2090 qui
516 2012 655 2074 »multos
683 2031 802 2075 annos«
828 2009 1092 2088 Vuittembergae

153 2114 283 2193 didicit,
308 2134 374 2179 non
393 2121 433 2178 ut
453 2115 574 2181 codicis
590 2123 778 2181 contextum
801 2136 876 2180 cum
899 2116 966 2180 suis
989 2115 1092 2198 ipsius

154 2217 281 2286 schedis
309 2242 425 2285 01010
448 2224 594 2303 magistri
617 2224 760 2306 exceptis
783 2223 950 2300 conferret,
975 2221 1032 2286 sed
1055 2228 1093 2284 ut

159 2329 411 2395 »eamindicio«
446 2332 555 2396 omnia
583 2333 736 2413 relegeret
763 2335 795 2393 et
817 2330 976 2396 conferret
997 2347 1091 2409 expo-

155 2436 306 2500 sitionem
341 2436 401 2499 aad
424 2439 667 2503 translationem
690 2436 940 2518 germanicam«.
986 2434 1091 2497 Habe-

154 2562 228 2606 mus
256 2544 354 2624 igitur
376 2544 412 2605 in
435 2543 575 2608 editione
598 2543 845 2624 Argentoratina
871 2561 939 2606 non
960 2541 1093 2604 Lutheri

155 2669 269 2712 sanam
296 2650 490 2712 sententiam
519 2655 616 2730 atque
644 2650 807 2729 integrum
837 2647 1007 2728 ingenium
1036 2645 1094 2709 sed

155 2757 412 2819 retractationem
435 2755 610 2820 serotinam
632 2755 872 2818 enarrationum
894 2753 1043 2817 doctoris.

244 2861 428 2942 Nonaginta
455 2882 574 2927 novem
601 2860 706 2926 varias
733 2860 887 2923 lectiones
923 2859 958 2921 in
984 2864 1095 2921 nostra

155 2967 368 3049 praelectione
389 2969 596 3050 investigavi,
620 2987 701 3048 quas
725 2967 785 3030 sub
807 2967 893 3028 linea
914 2971 1094 3029 transversa

155 3074 297 3136 numeris
320 3075 456 3139 arabicis
479 3075 668 3158 conspicuas
690 3072 849 3137 denotavi.

245 3179 376 3244 Scholas
398 3181 607 3262 marginales,
632 3180 752 3260 quibus
774 3183 944 3243 contextus
967 3197 1008 3240 ex
1030 3175 1094 3238 edi·

154 3285 242 3350 tione
265 3286 306 3350 de
322 3307 408 3350 anno
429 3287 473 3350 M.
490 3287 529 3350 D.
546 3286 701 3350 XXXVI.
725 3284 880 3367 repetitus
902 3285 938 3347 in
961 3284 1094 3348 collecti·

154 3394 226 3456 onis
256 3393 566 3474 Vuittembergensis
597 3398 687 3456 tomo
714 3392 771 3455 IV.
805 3412 838 3473 p.
869 3391 934 3454 530
963 3410 1032 3471 sqq.
1063 3394 1097 3452 et

154 3500 300 3564 lenensis
334 3507 423 3564 tomo
452 3500 511 3563 HI.
546 3520 579 3581 p.
611 3498 685 3562 518.
720 3518 790 3580 sqq.
825 3498 1002 3562 instructus
1036 3500 1094 3571 est,

155 3606 322 3670 cruciculis
359 3607 501 3686 signatas
523 3607 570 3696 ¹in
602 3605 748 3686 margine
782 3611 909 3668 nostrae
943 3601 1094 3666 editionis

154 3712 305 3777 ulteriore
328 3712 489 3778 collocavi.
