2584 4267
449 295 572 359 Johalis
595 296 778 376 prophetae.
1042 296 1084 358 29

140 474 254 537 dotem
277 479 310 536 et
338 473 494 542 ancillam
513 479 571 536 eto.
600 474 655 538 but
677 470 742 554 tetii
769 479 879 537 contm
906 472 1084 537 sacerdotes

141 561 249 646 pacti,
278 562 337 642 qui
367 562 510 642 loquitur
532 562 687 641 mysteria
709 561 842 637 Christi,
873 562 972 625 habet
994 563 1084 643 spiri-

141 657 216 715 tum
253 656 415 725 sanctum,
455 670 513 713 nos
552 657 662 713 tamen
701 650 862 713 ereximus
896 650 1085 714 discrimina

142 757 364 820 personarum.

239 823 338 889 ¹Vult
360 827 436 890 dare
451 827 603 907 spiritum
618 829 677 907 qui
692 827 912 891 manifestario
928 834 1082 891 cernatur.

141 916 233 980 Dicit
255 917 358 978 enim:

235 1004 416 1085 prodigia
441 999 573 1080 dab0,²
611 1007 673 1069 hoc
706 1025 771 1069 uno
801 1004 901 1073 mulien
927 1016 989 1089 tntu
1016 1005 1086 1086 unfit

141 1093 298 1175 emptast
318 1092 385 1173 nott
408 1094 466 1159 not
486 1093 554 1177 [cop
578 1092 687 1177 aanor
709 1094 881 1179 αυῇῆαῑδειι.
916 1096 1086 1176 objiciatur
1197 1118 1200 1125 ·

142 1184 216 1258 hoc,
240 1201 307 1245 non
329 1182 457 1259 facient,
482 1184 608 1250 mettum
631 1182 725 1265 [afflet
747 1190 805 1247 etc.

199 1331 206 1343 ,
235 1272 300 1333 ista
325 1271 545 1335 manifestatio
575 1274 709 1353 spiritus
738 1292 804 1335 non
831 1272 1009 1352 separanda
1039 1278 1086 1335 est

143 1362 188 1422 ab
211 1359 374 1423 infusione
397 1361 530 1440 spiritus
545 1361 681 1438 intemn,
706 1363 740 1425 in
756 1360 877 1442 vellere]
894 1367 1086 1425 testamento

142 1448 210 1511 luit
232 1446 278 1514 eiu
301 1446 513 1532 intendimus,
540 1469 607 1513 non
633 1450 718 1514 sicut
740 1451 775 1515 in
797 1470 881 1513 novo
904 1450 967 1513 isto
989 1452 1086 1530 regno

141 1543 178 1600 et
201 1539 322 1617 populo
345 1537 544 1602 instituendo
567 1545 625 1602 etc.
666 1540 706 1601 In
728 1539 864 1602 Abacuk
888 1537 1086 1601 instituendo

140 1645 269 1689 novum
291 1646 427 1709 regnum
454 1629 630 1710 commovit
657 1633 763 1690 totum
790 1629 901 1690 orbem
924 1634 1025 1689 terrae
1055 1633 1087 1689 et

140 1714 273 1778 coelum
296 1722 353 1777 etc.
384 1722 422 1778 ut
451 1715 530 1779 fides
557 1722 668 1779 nostra
696 1723 779 1780 esset
802 1717 950 1779 omnium
973 1715 1085 1777 firmis·

141 1804 231 1866 sima
260 1810 293 1867 et
322 1804 514 1881 certissima,
546 1805 613 1867 imo
640 1805 742 1885 signis
769 1811 802 1868 et
829 1802 995 1882 miraculis
1018 1823 1086 1883 pro·

139 1892 245 1954 bavit.
292 1891 423 1956 Novum
446 1895 581 1956 verbum
608 1894 702 1957 novis
729 1901 762 1957 et
788 1892 946 1957 inauditis
975 1892 1085 1971 signis,

141 1981 312 2043 miraculis
336 1987 368 2045 et
390 1981 545 2063 prodigiis
568 1984 747 2046 confirmat.
793 1981 878 2044 Nota
899 1980 1004 2061 legem
1027 1985 1085 2043 ete.

141 2068 360 2149 evangelium.
411 2072 492 2133 hacc
525 2072 636 2134 omnia
670 2071 705 2133 in
739 2069 962 2134 confusionem
996 2068 1086 2149 spiri·

141 2166 242 2221 tuum
265 2157 507 2222 mendaciorum
531 2160 589 2240 qui
612 2159 743 2223 venient
765 2157 899 2238 quidem
928 2158 963 2220 in
986 2157 1087 2237 signis
1173 2155 1177 2162 '

141 2254 178 2310 et
212 2247 368 2328 prodigiis
398 2255 456 2311 etc.
504 2249 610 2311 omnis
638 2253 722 2311 terra
751 2254 783 2310 et
813 2247 938 2310 coelum
968 2245 1009 2326 iul
1038 2244 1088 2328 titt

140 2350 228 2418 toust
261 2342 300 2399 ut
332 2336 450 2401 sentiat
479 2337 586 2399 omnis
619 2343 764 2399 creatum
797 2355 919 2399 novum
952 2337 1087 2398 verbum

141 2424 268 2501 adesse,
293 2443 388 2488 nemo
411 2427 534 2489 nesciat
556 2426 618 2489 hoo
640 2426 763 2489 factum
787 2432 844 2487 etc.

476 2585 675 2665 Sanguinem
698 2592 756 2647 etc.

235 2684 314 2753 ubi³
345 2692 409 2753 ista
442 2692 535 2772 signa
568 2690 654 2754 facta
682 2697 767 2766 sunt,
803 2709 868 2753 non
903 2690 981 2753 satis
1011 2691 1085 2752 seio.

142 2785 271 2843 certum
310 2786 359 2841 est
395 2780 495 2843 fuisse
537 2779 622 2843 facta
664 2781 724 2842 sub
762 2786 891 2859 tempus
928 2777 1088 2857 passionis

143 2867 269 2931 Christi
292 2859 325 2930 et
346 2869 507 2948 praesenti
530 2868 689 2947 evangelii
712 2866 841 2930 firmum
857 2864 950 2929 credo
966 2865 1088 2928 facturn

143 2959 182 3019 in
205 2957 361 3019 missione
383 2958 516 3038 spiritus
540 2965 598 3020 etc.
645 2956 693 3018 ibi
716 2955 809 3019 credo
832 2954 932 3017 fuisse
955 2958 1089 3033 temutes

143 3044 246 3121 fumi,
270 3045 397 3125 insigne
419 3046 614 3109 miraculum
636 3051 669 3108 et
692 3044 821 3125 signum
844 3063 909 3124 quo
932 3043 1087 3123 significa·

143 3135 244 3197 batur
267 3134 448 3213 praesentia
470 3135 603 3215 spiritus
626 3133 739 3197 sancti.
778 3133 983 3213 praedicante
998 3138 1088 3212 petro

144 3221 266 3285 cecidit
287 3242 383 3303 super
406 3230 515 3304 gentes
538 3229 596 3287 etc.
622 3223 706 3286 sicut
728 3240 901 3301 supernos
925 3222 960 3283 in
982 3222 1089 3301 specie

143 3309 271 3375 scilicet
293 3312 387 3391 ignis.
434 3312 632 3392 Sanguinem
655 3310 762 3373 nescio
791 3309 871 3390 quid
898 3309 954 3385 sit,
984 3308 1089 3373 ande

176 3418 223 3462 cro
258 3400 415 3480 sanguine
449 3421 491 3463 an
524 3400 565 3463 de
603 3398 760 3479 sanguine
797 3397 1015 3479 metaphorice
1051 3405 1090 3461 ut

172 3506 259 3568 sepe,
295 3508 353 3567 pro
379 3491 508 3564 rubore,
544 3510 601 3569 pro
628 3489 744 3551 rubore
773 3488 872 3550 velim
903 3508 960 3567 ego
994 3488 1088 3550 inter·

180 3577 268 3640 ’stari
299 3578 328 3639 si
356 3577 515 3641 auderem.
563 3576 723 3658 significat
756 3595 820 3640 vox
847 3574 1016 3656 hebralica]
1052 3581 1090 3637 ut

240 3768 672 3842 1)1ncipitfol.tV1.B.MsOi.
701 3768 730 3836 a)
749 3767 786 3822 ae
798 3784 824 3822 v.
838 3767 880 3821 so.
909 3764 937 3833 3)
956 3764 993 3817 aa
1005 3778 1031 3817 v.
1044 3760 1088 3814 31.
