2584 4267
881 280 1081 342 Amos
1125 279 1495 360 prophetae.
1998 282 2125 346 449

521 455 764 521 Iuravit
808 456 1119 521 dominus<
1156 455 1316 520 de'us
1359 456 1433 518 in
1476 456 1695 521 anima
1728 463 1872 522 sua.

433 563 827 627 Huiusmodi
891 565 1086 646 locos,
1132 562 1256 626 sori
1304 568 1484 647 turae
1560 563 1891 627 observare
1970 567 2131 630 solet

60 670 80 734 {3
252 654 585 726 Hilarius-f·
657 652 734 714 in·
781 652 914 716 suis
983 648 1233 715 libellis.
1385 651 1627 715 Similis
1686 653 1839 715 huic
1904 660 2002 717 est
2058 654 2129 718 in

60 709 79 781 ¹*
250 742 521 802 Genesi:
549 740 722 805 Pluit
749 731 1052 805 dominus
1084 761 1124 804 a
1152 739 1418 804 domino
1441 745 1559 805 etc.
1594 740 1761 803 Vide
1783 742 2125 807 Hilarium.

1061 901 1321 964 Domos'.

433 1006 690 1070 Rectius
766 1007 1007 1090 palatia
1022 1057 1035 1084 ,
1115 1006 1360 1071 scilicet
1432 1007 1687 1088 magnis
1764 1009 2129 1091 sumptibus

248 1096 517 1174 magnit}
525 1118 593 1158 cs
641 1102 1018 1172 constructa,
1065 1097 1137 1158 in
1182 1097 1421 1192 quibus
1466 1093 1595 1159 *sic
1640 1098 2038 1178 superbiunt.

733 1314 740 1321 .
845 1255 1009 1318 Cum
1054 1255 1543 1320 habitatoribus.
2009 1312 2015 1316 .

433 1362 513 1422 In
573 1362 845 1425 hebraeo
905 1352 1046 1425 estt'
1091 1362 1256 1424 Cum
1318 1368 1456 1426 tota
1513 1361 1915 1444 plenitudine
1932 1412 1946 1439 ‚
2008 1364 2132 1427 hoc

248 1458 348 1514 est
372 1502 385 1527 ,
437 1450 747 1531 quicquid
793 1457 892 1514 est
933 1451 1006 1513 in
1049 1457 1242 1527 terra,
1305 1451 1565 1533 peribit.
1656 1450 1836 1514 Haec
1880 1452 2131 1533 phrasis

49 1497 81 1625 [
244 1545 349 1602 est
392 1539 723 1616 hebraica,
783 1558 948 1620 quae
1005 1539 1201 1603 etiam
1261 1544 1362 1603 est
1404 1534 1476 1602 in
1520 1538 1804 1621 psalmo:
1869 1541 2174 1625 Domini⁴

243 1634 348 1691 est
392 1633 563 1692 terra
606 1634 672 1691 et
715 1628 1049 1709 plenitudo
1094 1629 1251 1691 eius.

725 1855 738 1872 ,
929 1789 1014 1851 Et
1058 1787 1240 1851 tollet
1283 1806 1453 1850 eum.

433 1894 762 1957 Miseriam
807 1887 1194 1976 captivitatis
1224 1887 1633 1972 describitsl-l‘
1675 1914 1739 1974 q.
1782 1893 1878 1956 d.:
1926 1895 2133 1960 Tanta

248 1984 375 2046 erit
442 1983 701 2046 miseria
721 2032 735 2060 ,
806 1989 1024 2046 tantae
1083 1982 1295 2045 clades
1314 2031 1328 2058 ‚
1398 1987 1475 2044 ut
1529 2001 1647 2063 pro
1714 1983 2130 2047 multitudine

247 2065 692 2135 mortuorum²
747 2092 881 2135 non
926 2071 1239 2154 supererit
1283 2071 1570 2152 spatium
1628 2071 1980 2152 sepeliendi
2034 2092 2127 2136 ca-

247 2161 492 2225 davera
534 2154 1003 2236 mortuorum,³
1045 2160 1171 2224 *sed
1229 2159 1304 2221 in
1349 2157 1554 2222 ’domo
1614 2167 1923 2240 cogentur
1965 2181 2130 2225 com·

248 2251 502 2317 burere.
595 2249 772 2312 Dura
817 2248 1251 2325 comminatiO,
1302 2267 1433 2329 qua
1478 2267 1586 2310 eos
1632 2254 1842 2311 terret.

249 2410 342 2472 Et
387 2381 588 2473 dicet:
654 2381 852 2486 Tace,
901 2417 968 2473 et
1011 2428 1093 2472 ne
1138 2407 1486 2473 recorderis
1533 2408 1818 2499 nominis
1864 2408 2132 2474 domini.

436 2509 667 2578 Varie⁴
727 2521 1031 2595 torquent
1086 2535 1153 2579 se
1219 2515 1290 2578 in
1358 2515 1483 2578 hoc
1540 2515 1680 2578 loco
1734 2516 2133 2598 interpretes.

437 2690 487 2758 ¹⁶)
523 2691 740 2758 Incipit
775 2706 832 2757 p.
867 2689 1114 2742 Lxxn.
1154 2685 1345 2742 MSGi.

443 2884 498 2952 1)
537 2884 810 2937 Additur:
861 2884 935 2938 ad
981 2883 1441 2938 confirmandum
1492 2883 1797 2937 articulum
1842 2882 2137 2954 trinitatis,

254 2971 370 3011 nee
415 2970 557 3009 sane
605 2955 772 3010 facile
820 2954 978 3008 eludi
1012 2959 1273 3023 possunt.
1349 2953 1407 3022 2)
1445 2955 1775 3008 occisorum.
1849 2953 1907 3021 3)
1945 2954 2137 3011 deestz

253 3029 636 3081 mortuorum.
709 3025 767 3094 4)
804 3025 990 3080 deest:
1040 3026 1199 3081 varie
1239 3055 1306 3064 —
1347 3025 1646 3093 scriptura.
1718 3025 1976 3092 Legiturz
2029 3025 2140 3080 Du·

251 3097 402 3167 -plex
436 3096 577 3151 inde
611 3100 804 3164 potest
839 3098 1028 3165 colligi
1065 3097 1378 3165 sententia,
1428 3097 1524 3152 vel
1573 3097 1728 3165 quod
1777 3096 1959 3151 dicat:
2010 3096 2141 3151 Non

46 3210 49 3217 .
253 3172 585 3235 agnoscunt
618 3171 844 3222 tantam
878 3182 1127 3236 poenam
1176 3167 1460 3223 divinitus
1509 3173 1745 3237 propter
1790 3170 2026 3236 peccata
2059 3169 2141 3222 in-

253 3241 481 3293 flictam
533 3254 664 3293 esse
677 3282 692 3308 ‚
747 3240 842 3294 vel
896 3243 963 3293 ut
1015 3243 1335 3294 exta-emam
1389 3243 1552 3293 notet
1602 3239 2040 3306 perversitatem
2082 3244 2144 3294 et

45 3270 85 3426 b
250 3310 584 3376 ‘malitiam3
635 3327 688 3378 q.
730 3310 813 3364 d.=
865 3311 1008 3364 Tam
1054 3316 1192 3365 sunt
1240 3310 1404 3378 mali,
1460 3314 1527 3364 ut
1574 3310 1765 3364 nolint
1805 3311 2142 3366 meminisse

46 3427 52 3450 ,
275 3381 520 3436 iominis
558 3381 668 3435 dei.
745 3381 952 3435 Statim
989 3395 1120 3435 cum
1156 3396 1371 3437 nomen
1408 3379 1503 3434 dei
1540 3380 1810 3451 audiunt,
1850 3382 2143 3438 diabolum

259 3468 329 3508 se
365 3451 572 3506 audire
603 3455 830 3519 putant.
904 3452 1062 3506 Sicut
1101 3450 1326 3508 Christi·
1356 3456 1614 3520 tempore
1650 3466 1877 3507 summa
1911 3453 2144 3519 licentia

259 3527 326 3577 et
359 3523 618 3577 maxima
666 3522 992 3578 idololatria
1027 3523 1162 3592 fuit,
1211 3525 1355 3578 adeo
1398 3527 1466 3577 ut
1514 3523 1692 3578 etiam
1712 3528 1928 3591 -gentes
1962 3540 2032 3579 ea
2066 3523 2143 3576 ad

259 3593 575 3648 libidinem
610 3593 998 3649 abuterentur.
1075 3594 1166 3647 Sic
1202 3601 1399 3649 nostro
1436 3596 1685 3664 saeculo,
1724 3611 1855 3648 cum
1890 3595 2143 3661 primum

446 3755 504 3822 †)
542 3754 818 3808 Hilarius.
892 3752 987 3821 ἢ)
1027 3754 1307 3811 Extrema
1341 3736 1693 3822 captivitatis
1728 3752 1976 3809 miseria.

349 3852 528 3893 Lutheri
558 3863 658 3902 opp.
687 3855 853 3901 exeget.
906 3852 1003 3892 Vol.
1031 3851 1165 3891 XXV.
1754 3841 1824 3894 29
