2584 4267
430 220 513 283 88
1055 221 1265 301 Caput
1309 220 1666 284 secundum
2479 10 2527 340 ι

424 493 500 549 ut
552 488 624 548 in
677 507 753 549 ea
797 486 1132 550 tractanda
1186 493 1465 566 quatuor
1516 487 1734 566 capita
1783 488 1894 549 vix
1950 487 2323 563 sufficiant!

423 581 500 637 ut
545 581 644 637 est
687 594 940 638 cernere
985 576 1057 636 in
1086 575 1464 652 Rhomanis,
1514 581 1578 637 et
1619 582 1842 637 tamen
1886 575 2098 639 adhuc
2146 579 2323 639 satis
2523 643 2528 659 ¹

425 662 655 743 frigide
684 683 822 725 rem
852 664 1062 740 solvit,
1095 683 1306 743 neque
1336 664 1602 726 omnino
1634 664 1958 727 satisfecit.
2010 667 2323 727 Tandem
2523 657 2531 743 1

425 757 639 832 putat,
702 771 772 814 se
816 753 1063 833 egregie
1109 753 1490 829 absolvisse,
1552 753 1794 832 inquit,
1856 774 1982 815 non
2034 755 2323 815 numina
2527 744 2541 833 Ι

423 841 664 921 repulit
706 840 867 903 deus
912 842 1228 921 populum
1273 861 1487 917 suum,
1535 861 1691 903 nam
1721 848 1786 904 et
1815 860 1926 921 ego
1962 843 2323 903 Israhelitae.
2531 844 2535 873 ³

425 949 572 992 sum
626 936 743 992 etc.
821 929 1134 1009 Egregia⁴
1184 929 1430 993 scilicet
1495 930 1750 992 soluti0.
1865 930 2018 991 Iden
2086 931 2158 991 'm
2235 951 2319 991 ea

425 1017 733 1101 solvenda
784 1037 902 1079 nos
961 1018 1149 1097 longe
1202 1019 1445 1081 erimus
1504 1018 1853 1081 inferiores.
1946 1019 2118 1079 Deus
2170 1039 2316 1099 per-

425 1106 587 1169 cutit
632 1107 949 1186 populum
995 1126 1206 1183 suum,
1255 1107 1351 1169 ita
1392 1113 1632 1182 tamen,
1680 1126 1762 1169 ne
1792 1107 2010 1171 dicant
2050 1115 2313 1187 gentes:

424 1196 541 1258 ubi
587 1202 684 1257 est
713 1194 872 1257 deus
904 1214 1153 1270 eorum;
1203 1196 1503 1275 quamvis
1540 1196 1739 1258 etiam
1768 1196 2046 1257 minima
2074 1195 2319 1275 pupuli

425 1304 573 1364 pars
620 1288 922 1360 servetur,
972 1284 1140 1351 sicut
1184 1290 1249 1346 et
1292 1284 1533 1347 Paulus
1579 1291 2078 1365 argumentatus-

426 418 592 478 quae
646 398 846 461 etiam
899 399 1184 461 multum
1238 398 1482 479 negotii
1536 397 1689 460 fecit
1743 399 2030 478 apostolo
2078 399 2323 475 Paulo,
2519 379 2535 644 a

535 1496 790 1558 Zelatus
837 1501 933 1557 est
977 1494 1282 1558 dominus
1328 1516 1518 1576 super
1563 1502 1799 1559 terram
1846 1516 2030 1559 suam
2078 1507 2192 1559 etc.

603 1620 782 1692 Quae
849 1619 984 1682 iam
1052 1619 1459 1699 sequuntur-1·
1526 1618 1747 1681 omnia
1811 1619 2082 1699 legenda
2150 1627 2311 1683 sunt-

347 1706 352 1713 ’
425 1728 536 1789 per
589 1709 788 1771 verba
838 1708 1249 1771 coniunctiva
1308 1708 1444 1771 sive
1502 1708 1821 1787 optativa„
1878 1711 2046 1771 sicut
2102 1715 2170 1771 et
2231 1711 2307 1771 in

425 1797 591 1860 Ozea
634 1796 812 1859 idem
858 1803 994 1860 erat
1038 1795 1417 1860 faciundum
1431 1845 1444 1872 ,
1503 1797 1723 1883 sicque
1778 1797 1898 1859 erit
1954 1799 2299 1859 sententia:

424 2006 585 2130 Herbi
635 2006 749 2075 tui,
797 2020 970 2075 parce
1018 2007 1233 2074 populo
1267 2009 1385 2059 tuo·
1458 2006 1578 2058 Nec
1612 2003 1675 2057 id
1712 2005 1922 2075 solum,
1970 2004 2070 2059 sed
2110 2007 2307 2059 haere-

469 2077 595 2130 'tati
631 2080 782 2131 tuae.
1814 2115 1818 2118 -

474 2195 477 2200 ,
599 2147 714 2200 Hic
767 2147 1017 2214 amplius
1070 2150 1236 2213 urget
1287 2146 1747 2215 promissionem.
1846 2147 2054 2200 Sumus
2110 2147 2307 2199 haere·

423 2218 575 2271 ditas
630 2221 690 2270 et
741 2233 892 2284 pars·
932 2221 1059 2285 tua,
1115 2232 1289 2283 quam
1342 2222 1409 2270 tu
1452 2217 1562 2271 tibi
1611 2217 1890 2285 delegisti.
1966 2219 2134 2271 Certe
2186 2235 2307 2271 uon

423 2287 736 2341 dissenties
774 2302 810 2338 a
844 2291 921 2356 te,
957 2302 1076 2340 non
1113 2288 1410 2342 revocabis
1432 2289 1674 2342 verbum
1696 2293 1878 2343 tuume
1934 2291 2120 2351 Quem
2142 2291 2307 2343 enim

424 2358 601 2411 alium
636 2357 882 2411 habebis
917 2358 1214 2426 populum,
1253 2358 1305 2411 si
1341 2373 1447 2412 nos
1484 2358 1795 2413 abieceris?
1866 2363 2074 2411 Sumus
2110 2359 2307 2427 portio

423 2434 484 2482 et
515 2426 844 2481 haereditas
879 2431 1006 2495 tua,
1056 2443 1232 2494 quam
1266 2432 1333 2482 tu
1368 2429 1672 2483 excoluisti
1716 2430 1842 2495 lege
1878 2435 2002 2499 tua,
2018 2431 2090 2491 ἥ·
2142 2431 2307 2483 (1111111

422 2504 538 2553 tuo.
612 2498 779 2552 Sinos
828 2515 902 2551 ne
947 2514 1055 2552 nos
1100 2514 1137 2551 a
1171 2499 1442 2565 gentibus
1478 2498 1914 2567 possideri.?†††
2002 2503 2170 2555 Sinas
2227 2515 2307 2555 ns

421 2576 588 2623 tuum
623 2568 734 2624 tibi
769 2568 915 2636 eripi
952 2570 1025 2623 ab
1062 2568 1154 2638 iis,
1199 2570 1298 2636 qui
1336 2574 1395 2624 te
1430 2570 1856 2640 blasphemant,
1902 2571 2162 2639 oderunt,
2202 2571 2307 2623 cri*

421 2641 736 2708 minantur,
770 2642 1230 2708 persequuntur?
1284 2640 1603 2695 Considera
1637 2642 1813 2708 igitur
1848 2643 2102 2709 primum
2138 2647 2307 2695 tuum

421 2710 742 2779 periculum
758 2753 772 2779 ‚
834 2710 987 2778 quod
1048 2715 1150 2764 tua
1208 2710 1537 2764 haereditas
1590 2712 1699 2765 tibi
1758 2713 1986 2780 peribit*
2078 2711 2307 2767 Deinde

422 2781 599 2836 etiam
635 2784 797 2836 tuam
833 2782 1088 2849 gloriam.
1149 2782 1356 2836 Nullus
1394 2782 1552 2836 enim
1587 2783 1735 2838 alius
1770 2787 2018 2850 populus
2058 2791 2166 2847 est*
2202 2783 2307 2847 qui

422 2866 633 2907 nomen
670 2858 730 2907 et
765 2854 983 2907 cultum
1018 2856 1184 2907 tuum
1220 2854 1449 2906 habeat.
1523 2852 1582 2905 Si
1625 2853 1802 2919 igitur
1850 2870 1954 2907 nos
2006 2855 2307 2923 aliiensi-in,

423 2940 541 2977 non
580 2924 766 2978 solum
802 2923 876 2977 de
911 2924 1081 2978 nobis
1118 2927 1312 2976 actum
1348 2924 1474 2991 erit,
1511 2922 1613 2977 sed
1650 2924 1827 2977 etiam
1862 2927 1934 2979 de
1970 2931 2070 2979 tua
2102 2923 2303 2991 gloria.

423 2993 709 3061 Colligent
761 2994 919 3048 enim
972 3009 1047 3047 ex
1096 2997 1298 3047 nostra
1353 2994 1545 3062 ruina,
1600 2994 1922 3048 doctrinam
1974 3003 2034 3047 et
2082 2995 2303 3047 cultum

420 3066 576 3119 hunc
630 3065 813 3118 fuisse
865 3079 1108 3132 vanum,
1168 3063 1347 3117 immo
1407 3067 1467 3117 te
1519 3064 1669 3117 nihil
1732 3081 1861 3120 esse
1914 3067 2030 3119 nisi
2086 3083 2303 3119 *summi

421 3150 651 3203 nomen,
690 3134 740 3187 si
777 3133 1012 3201 quidem
1048 3150 1256 3201 passus
1295 3134 1377 3187 sis
1413 3150 1539 3203 nOS‚
1560 3136 1677 3202 *qui
1714 3137 1823 3190 soli
1857 3141 2022 3191 tuum
2058 3139 2307 3191 verbum

420 3206 732 3260 habuimus
768 3209 827 3257 et
861 3220 1075 3258 nomen
1111 3210 1277 3258 tuum
1314 3206 1562 3259 confessi
1606 3223 1820 3261 sumus,
1898 3207 2112 3263 Contra
2150 3207 2307 3259 idola

421 3277 680 3342 gentium
733 3275 970 3328 interire
1025 3279 1085 3329 et
1138 3274 1373 3343 quidem
1428 3278 1500 3330 ab
1555 3277 1843 3348 idolatris,
1910 3279 2182 3343 gentihus
2247 3283 2307 3331 et

421 3346 618 3413 impiis
654 3346 907 3399 interire.
982 3346 1402 3401 Glorificabunt
1434 3347 1611 3414 igitur
1658 3363 1764 3402 sua
1798 3349 1954 3403 idola
1990 3355 2186 3403 contra
2227 3351 2303 3415 te,

421 3432 487 3470 ac
522 3417 734 3485 dicent,
769 3421 828 3470 te
864 3432 993 3471 esse
1017 3417 1182 3487 nihil,
1221 3432 1327 3472 sua
1361 3418 1515 3473 idola
1540 3435 1669 3473 esse
1691 3434 1890 3475 verum
1917 3435 2134 3475 numen„
2158 3419 2303 3475 eiust*

597 3609 654 3681 †)
679 3612 973 3667 Promittit
996 3614 1303 3679 agentibus
1327 3615 1747 3683 poenitentiam
1769 3615 2174 3671 liberat-ionem
2194 3623 2299 3671 etc.

418 3681 512 3752 ††)
549 3684 594 3737 1.
668 3681 800 3753 †††)
837 3685 912 3738 Π·
