2584 4267
48 7 130 265 Γ

44 496 60 646 ΙΙ

44 660 63 673 *u

44 682 60 695 ν.

44 699 60 707 ι.

35 3352 43 3712 ἶ

35 3713 50 4039 ἱ

865 309 1060 371 Amos
1105 309 1474 390 prophetae.
1978 310 2105 376 387

228 488 424 552 huius
473 488 637 548 sitne
681 496 777 548 est
825 486 905 548 ad
959 493 1269 550 austrum.
1362 487 1491 551 Hic
1545 494 1765 552 autem
1823 489 2111 570 loquitur

228 580 549 660 propheta
593 576 673 636 de
717 595 956 656 magno
1000 575 1111 637 illo
1158 581 1222 638 et
1265 577 1509 657 insigni
1555 582 1797 653 monte,
1847 578 1928 641 ab
1976 600 2105 643 om·

228 668 493 728 nimeda
541 664 887 728 fruetuum·
913 664 1256 728 foelicitate
1312 665 1499 728 claro.
1592 667 1710 729 Est
1762 687 1912 748 ergo
1969 688 2104 731 sen·

224 756 465 820 tentia:
549 756 917 833 Carmelum·
984 753 1293 834 redigitur
1359 755 1432 816 in
1498 751 1897 832 desertum,²
1975 777 2106 819 non

224 844 489 920 eeletur,
541 844 649 922 qui
697 844 829 904 iem
861 843 1026 905 latus
1057 849 1155 905 est
1185 849 1250 906 et
1279 843 1625 924 spaciosus,
1674 843 2108 909 fertilissimus

224 940 288 996 et
348 932 730 1008 uberrimus,
789 951 1046 1012 prorsus
1102 932 1386 995 incultus
1440 932 1692 996 iacebit.
1784 933 1909 997 His
1966 954 2104 1015 pro—

220 1024 501 1104 phet-ieie
549 1020 853 1100 leque-ndi
898 1020 1111 1084 modis
1158 1021 1354 1084 simul
1398 1022 1771 1104 complexus
1816 1029 1915 1086 est
1959 1043 2097 1104 pro-

220 1112 424 1192 pheta
473 1104 717 1172 tetnmfl'
773 1111 1086 1192 populum
1125 1110 1543 1174 vastandum:
1592 1131 1707 1194 per
1735 1109 2107 1175 habitacula

220 1208 577 1280 pasterum,
629 1200 909 1280 plebeies
956 1205 1020 1261 et
1062 1199 1326 1263 infimae
1372 1200 1558 1264 sortis
1612 1199 1928 1277 homines,
1989 1221 2108 1282 per

220 1292 593 1352 Carmelum
625 1291 965 1368 optimates
995 1283 1346 1368 quosque,⁸
1399 1286 1721 1370 principes
1752 1284 1852 1352 et‘1=
1906 1309 2101 1353 sacer·

220 1380 404 1440 [lutee
456 1371 897 1456 signifieavit..⁵
993 1379 1208 1457 Atque
1260 1379 1382 1441 hos
1427 1396 1651 1440 omnes
1704 1377 1901 1441 simul
1943 1378 2106 1442 dicit.

220 1468 561 1548 periturns.
613 1468 713 1528 Sin
737 1468 945 1528 solent
972 1486 1090 1547 pro
1121 1486 1239 1529 suo
1268 1485 1447 1530 more
1475 1467 1776 1543 minores,
1810 1486 1971 1548 quos
2000 1488 2102 1532 vo·

220 1576 469 1632 eamne,
505 1556 853 1636 prophetae
877 1555 1167 1636 pluribus
1190 1555 1412 1636 figuris
1443 1555 1558 1631 uti,
1585 1574 1784 1635 quam
1808 1557 2098 1619 maiores.

553 1700 757 1780 Super
801 1698 1007 1762 tribus
1054 1697 1400 1761 sceleribus
1445 1698 1763 1761 Damasci.

404 1804 873 1868 Pertieulariter
917 1805 1050 1867 iam
1094 1803 1307 1886 pergit
1351 1803 1666 1867 declarare
1698 1823 1865 1884 quae
1912 1805 2103 1885 signi-

216 1888 466 1956 fieeritfl
521 1896 931 1957 tabernacula
975 1899 1311 1976 pastorum
1355 1900 1420 1957 et
1449 1886 1856 1956 carmelum.⁷
1957 1893 2100 1956 Cae-

216 1992 436 2048 terum
485 1984 717 2048 metius
762 2004 845 2044 en
887 1983 1165 2046 hebraeo
1225 1983 1318 2046 sic
1373 1983 1563 2063 leges.
1656 1982 1921 2063 Propter
1976 1988 2105 2045 tres

216 2072 801 2152 praevaricationes
845 2072 1147 2138 Damasci
1210 2077 1275 2135 et
1330 2076 1589 2153 propter
1649 2076 1923 2151 quatuor
1982 2076 2100 2133 etc.

212 2164 388 2224 Item
440 2160 613 2240 quod
661 2184 777 2224 nne
821 2161 1129 2241 legimus:

769 2308 837 2368 in
881 2303 1185 2387 plaustris
1232 2302 1565 2386 ferreis.††

400 2412 481 2472 In
513 2412 786 2472 hebraee
837 2403 1046 2474 aliud⁸
1085 2410 1501 2491 significatur,
1548 2429 1682 2473 non
1720 2407 2099 2489 plaustrum,

212 2500 332 2560 sed
380 2500 886 2564 instrumentum
943 2498 1274 2581 quoddam
1344 2497 1681 2562 dentatum
1752 2517 1882 2577 quo
1950 2501 2101 2569 tere-

212 2592 461 2652 bantur
533 2592 749 2672 paleae
829 2592 898 2652 in
974 2589 1289 2671 pabulum
1366 2588 1805 2650 iumentorum
1823 2635 1837 2662 ,
1918 2585 2100 2648 cuius

212 2680 637 2740 instrumenti
685 2680 857 2760 apud
906 2699 1025 2742 nos
1070 2677 1286 2741 nullus
1318 2682 1417 2739 est
1457 2694 1632 2738 usus.
1725 2674 1863 2752 Ego
1907 2672 2100 2736 tribu·

212 2768 348 2828 lam
384 2784 561 2828 veen.
625 2768 809 2828 Idem
841 2766 1226 2832 vocabulum
1256 2770 1356 2828 est
1390 2766 1446 2827 1.
1479 2764 1694 2826 Para:
1731 2763 1835 2824 20.
1868 2761 2103 2823 ferrata

212 2860 531 2936 eal-pente.
577 2860 825 2937 ete.†††

881 2998 1098 3080 Syriae
1145 2998 1451 3079 Cyrenae.

404 3104 573 3168 Male
621 3108 869 3184 legitur,
916 3111 982 3169 et
1024 3105 1192 3168 male
1238 3104 1438 3167 etiam
1482 3119 1737 3167 versum
1783 3103 1899 3174 est,
1947 3116 2102 3160 nam

404 3280 461 3348 1)
517 3288 577 3336 et
613 3300 745 3336 nen.
821 3280 877 3348 Ξ)
932 3295 1135 3334 ornnes
1189 3277 1391 3346 populi
1445 3275 1692 3343 ordines,
1748 3290 2005 3328 summos
2041 3276 2101 3340 et

211 3352 478 3406 infimos:
535 3368 640 3419 per
693 3368 818 3421 sqq.
908 3350 967 3419 3)
1023 3350 1228 3404 Deest:
1285 3362 1557 3416 quosque.
1647 3344 1705 3414 4)
1761 3346 1969 3400 Deest:
2025 3348 2099 3398 et.

313 3423 525 3477 Deest:
565 3422 923 3488 significavit.
999 3420 1054 3489 6)
1093 3419 1378 3486 significet
1413 3434 1517 3485 per
1551 3416 1924 3471 tabernacula
1975 3432 2098 3483 sqq.

316 3493 598 3548 Additur:
637 3494 891 3548 minatur
927 3493 1083 3546 enim
1120 3507 1298 3557 regno
1334 3489 1555 3558 Syriae,
1600 3488 1757 3557 quod
1791 3503 1897 3556 per
1933 3487 2102 3553 Assy-

271 3579 374 3617 ..1m
410 3564 748 3620 vastabitur.
825 3563 1130 3618 Caeterum
1167 3578 1290 3630 sqq.
1366 3560 1422 3629 8)
1461 3560 1661 3614 Deest:
1697 3558 1875 3613 aliud.

293 3792 354 3863 τ)
391 3723 460 3847 It)
489 3721 787 3847 Gargaglus
811 3725 874 3777 in
899 3722 1285 3779 solitudinem.
1359 3718 1454 3789 ††)
1487 3719 1812 3787 plaustrum
1836 3717 2101 3771 ferreum.

439 3810 538 3848 ara
565 3835 575 3847 .
688 3836 698 3847 .

1669 3879 1779 3935 25¹·
