2584 4267
407 313 506 376 Joelis
529 314 713 395 prophetae.
966 316 1028 378 233

104 513 171 558 cum
191 511 276 554 mors
299 489 438 567 accedit,
461 497 576 554 notum
599 498 657 554 est.
704 491 893 574 Trepidant,
918 513 1029 574 queru-

73 618 76 631 =
104 584 209 658 uror,
233 586 363 662 pavent,
379 599 542 659 nusquam
556 580 669 644 vident
683 581 719 643 in
734 600 799 660 quo
814 582 1029 662 acquiescant.

70 666 76 677 '
105 672 184 734 Haec
212 669 373 732 naturalia
405 675 491 731 sunt.
550 668 612 731 Sed
646 675 777 732 sanctus
811 670 865 733 dei
899 673 1031 754 spiritus

74 814 76 823 .
106 766 242 823 naturam
265 758 365 821 etiam
386 757 448 820 hac
471 759 507 819 in
529 764 620 838 parte
642 759 773 838 corrigit
793 765 825 822 et
839 766 941 836 sanat,
966 781 1032 824 non

70 846 76 859 '
106 868 137 911 eo
162 847 273 923 modo,
304 853 343 910 ut
371 847 530 909 cruciatus
559 847 689 926 mitiget
716 853 782 910 aut
800 867 933 928 corpora
962 849 1032 912 sine

106 956 190 1002 sensu
211 936 292 998 mali
314 955 383 998 csse
406 935 506 998 faciat
532 935 746 1016 (quamquam
769 935 803 999 id
826 956 955 1017 quoque
978 938 1031 1000 ali·

106 1025 171 1088 cubi
191 1025 286 1102 solet)
309 1023 366 1088 sed
388 1030 426 1087 ut
447 1024 484 1085 in
506 1043 604 1087 sensu
622 1025 693 1105 ipso
708 1025 788 1088 mali
803 1045 869 1088 non
884 1025 1033 1089 concidat

105 1115 222 1176 animus
251 1119 285 1176 ct
313 1114 349 1175 in
378 1113 545 1176 meliorem
572 1133 665 1194 spem
692 1112 855 1176 intuentes
882 1115 946 1195 ipsi
973 1135 1032 1178 nos

106 1203 295 1265 consolemur
324 1207 358 1264 et
379 1201 540 1282 erigamus
563 1221 621 1282 per
650 1203 897 1266 invocationem.
943 1203 1055 1266 Sicut-

107 1289 170 1354 ideo
207 1311 226 1352 a
259 1290 412 1353 Zacharia
454 1290 634 1372 appellatur
672 1290 805 1371 spiritus
842 1291 962 1370 gratiae
1001 1298 1034 1354 et

108 1397 240 1460 precum,
273 1379 407 1459 gratiae,
438 1379 496 1458 qui
519 1379 687 1442 confirmet
709 1379 835 1442 animos
861 1378 902 1442 de
924 1381 1032 1443 remis-

73 1506 76 1517 ·
110 1468 187 1530 done
206 1473 413 1549 peccatorum
439 1465 498 1549 per
520 1467 700 1543 Christum,
733 1487 881 1549 precum,
899 1469 970 1549 ¹qui
997 1470 1032 1531 in
1069 1545 1071 1551 y

73 1634 76 1643 Ι
110 1557 244 1636 periculis
266 1556 309 1618 ad
324 1556 503 1619 orationem
518 1557 685 1632 exuscitet,
709 1575 746 1618 ac
761 1576 819 1638 spe
833 1556 1032 1620 liberationis

110 1645 281 1724 praesentia.
298 1644 507 1708 incommoda
527 1645 664 1726 mitiget.

190 1729 313 1813 ²Atque
335 1733 390 1795 hic
411 1734 547 1814 longum
569 1753 686 1813 agmen
708 1734 866 1797 virtutum
882 1732 1031 1796 Christia-

110 1841 209 1884 mrum
243 1823 453 1885 connectitur.
498 1822 645 1884 Libertas
678 1823 715 1884 in
744 1820 942 1898 confitendo,
978 1841 1030 1902 pa·

111 1909 210 1973 ticntia
230 1912 267 1972 in
290 1909 424 1974 ferenda
446 1929 559 1986 cruce,
583 1910 744 1974 invocatio
767 1929 842 1974 cum
865 1915 952 1973 certa
975 1929 1032 1990 spe

110 1997 301 2076 liberationis,
325 1998 406 2063 fides
428 1999 578 2062 cortada
600 1998 655 2061 dei
677 1999 795 2074 favore,
819 1999 880 2061 etsi
902 1998 1033 2062 fortuna

110 2085 256 2151 diverurm
277 2089 437 2168 loquatur,
461 2088 651 2151 exercitium
674 2088 773 2164 verbi,
797 2085 876 2149 dum
899 2087 1030 2167 promis·

111 2175 240 2240 sionibus
262 2177 393 2239 infirma
414 2176 496 2240 fides
518 2196 553 2239 se
575 2177 683 2256 erigit,
714 2182 747 2239 et
769 2176 843 2256 quis
866 2182 1033 2238 enumeret

109 2282 206 2328 omnes
233 2266 368 2348 spiritus
397 2265 501 2328 sancti
530 2264 621 2329 dotes
648 2265 693 2332 in,
710 2265 772 2327 hac
801 2269 911 2328 nostra
932 2263 1031 2326 imbe-

110 2352 249 2417 cillitate?
305 2354 455 2416 Excitare
487 2359 598 2416 autem
631 2373 690 2417 nos
724 2355 804 2416 haec
837 2352 957 2416 debent
990 2351 1032 2416 ad

110 2442 331 2520 agnoscendam
367 2441 422 2504 dei
459 2442 625 2523 ingentem
662 2441 932 2518 miscricordiam,
975 2442 1033 2522 qui

111 2531 228 2595 miseros
242 2551 302 2595 nos
317 2536 500 2613 peccatores
514 2535 565 2594 tot
577 2531 685 2594 modis
700 2530 914 2611 amplectitur,
931 2531 1030 2606 iuvat,

112 2618 192 2696 foret
215 2621 308 2700 regit,
332 2625 450 2683 tuetur.
490 2620 562 2683 Non
578 2621 667 2682 enim
683 2619 807 2683 satisei
822 2625 880 2695 est,
905 2617 1032 2682 dedisse

113 2708 190 2771 nobis
201 2727 326 2790 corpus,
339 2714 493 2784 mentem,
506 2708 716 2784 voluntatem,
730 2726 920 2782 sermonem,
934 2707 1033 2769 etiam

112 2794 198 2859 filium
227 2797 351 2872 donat,
377 2797 435 2876 qui
462 2796 557 2859 docet
584 2796 744 2860 iustitiam
773 2801 806 2858 et
833 2795 872 2858 fit
901 2795 1034 2857 victima

112 2903 158 2963 pro
182 2887 288 2962 nobis,
325 2886 425 2948 etiam
451 2886 603 2968 spiritum
631 2904 728 2948 suum
758 2883 845 2946 coelo
879 2881 1032 2957 demittit,

113 2974 158 3050 qui
190 2976 321 3038 morbos
357 2979 491 3038 naturae
529 2973 741 3048 insanabiles,
780 2970 962 3034 mortiferos
1001 2975 1034 3033 et

113 3060 235 3126 alternos
261 3068 355 3126 sanct
381 3082 419 3126 ac
448 3069 546 3126 curet.
592 3063 691 3125 Hunc
720 3062 790 3125 vult
822 3060 969 3122 habitare
997 3058 1034 3120 in

114 3148 213 3214 animis
235 3151 371 3226 nostris,
400 3158 439 3215 ut
460 3171 520 3215 nos
541 3157 661 3243 regat,-
676 3151 833 3232 gubernet
861 3153 894 3212 et
920 3153 1032 3224 servet,

114 3239 161 3315 qui
183 3246 230 3304 tot
260 3238 369 3303 modis
401 3240 591 3321 impetimur
624 3246 657 3303 et
685 3238 894 3302 sollicitamur
924 3241 1034 3300 contra

115 3323 204 3390 deum.
240 3329 360 3408 ingens
383 3335 416 3392 ct
437 3329 611 3392 ineffabilis
625 3329 722 3410 plane
736 3327 817 3390 haec
832 3333 881 3390 est
894 3325 1033 3401 bonitas,

173 3436 198 3478 n
224 3420 252 3480 si
279 3438 347 3480 non
374 3417 595 3498 agnoscimus,
629 3419 660 3480 si
690 3436 756 3479 non
783 3415 824 3478 de
853 3435 891 3478 ea
918 3415 1032 3494 cogita·

205 3508 331 3588 saepius
365 3511 398 3569 et
425 3506 543 3586 gratias
573 3507 716 3587 agimus,
751 3523 880 3587 prorsus
914 3502 1035 3582 ingrati
1100 3561 1102 3566 .

177 3612 220 3656 us.

178 3724 312 3737 -q

193 3784 218 3851 1)
235 3786 315 3840 Dona
334 3786 454 3854 spiritus
473 3787 572 3840 sancti.
