2584 4267
209 308 277 372 400
526 305 630 388 Caput
653 305 832 367 secundum
919 355 925 359 .

210 484 386 548 Israhelem
408 483 591 548 institutam
614 463 745 546 orditur.
790 483 849 546 Est
871 488 981 545 autern
1004 486 1163 563 summa†

212 575 310 637 totius
332 573 410 637 looi:
443 572 548 653 arguit
575 573 734 654 propheta
762 571 964 653 impietatem
992 571 1160 647 Israhefin,

211 668 244 725 et
267 662 402 725 damnat
423 661 459 724 in
481 681 520 725 eo
542 660 750 742 tyrannidem
779 666 812 723 et
834 659 1056 723 incredibilem
1084 680 1160 723 ava·

87 759 90 769 ’
210 751 379 832 ritiam††;
415 771 533 834 nempe
567 770 641 813 cum
676 749 762 826 dicit,
798 744 999 813 vendidisse¹
1031 749 1192 812 iustum·

213 861 271 921 pro
296 845 426 920 argento
450 847 482 903 et
504 857 681 921 pauperem
696 859 754 919 pro
770 837 997 915 calciamentis,
1022 839 1084 901 hoo
1105 845 1161 902 est

213 929 401 1010 pervertisse
416 928 536 991 iudicia
558 946 617 990 nee
636 928 672 990 in
687 925 861 990 iudicando
877 927 1073 1007 aequitatem
1088 927 1160 992 sive

168 1087 171 1095 y
212 1018 264 1080 ius
294 1037 363 1080 esse
393 1011 553 1093 secutos,²
587 1015 644 1080 sed
673 1036 748 1079 suae
772 1016 922 1080 avaritiae
946 1016 1159 1092 consuluisse,

213 1107 322 1186 itaque
357 1107 481 1169 nullam
514 1099 608 1169 iusti⁸
648 1105 736 1186 apud
770 1125 823 1168 eos
858 1105 962 1168 fuisse·
985 1105 1159 1168 rationem.

212 1195 266 1258 Sic
288 1195 376 1258 enim
399 1215 528 1259 necesse
559 1202 608 1258 est
635 1194 776 1257 iudicare
800 1215 921 1270 omnes,
953 1195 1011 1274 qui
1039 1194 1161 1257 timore

214 1284 267 1346 dei
289 1291 413 1361 vacant,
450 1290 487 1348 ut
520 1305 586 1346 non
619 1283 655 1346 in
690 1283 926 1348 ordinationem
959 1283 1012 1345 dei
1042 1290 1074 1346 et
1102 1283 1160 1345 ius

214 1373 395 1454 respiciant,
420 1373 477 1436 sed
500 1392 576 1436 suae
599 1373 742 1454 privatae
769 1372 939 1454 cupiditati
959 1372 1161 1435 satisfacturi

213 1461 339 1541 egregie
362 1461 429 1524 sint
451 1461 601 1526 avaritiae
626 1461 728 1524 dediti
751 1467 810 1524 etc.

398 1621 462 1695 Qui
486 1626 655 1684 conterunt
678 1640 774 1702 super
797 1623 970 1702 pulverem.

304 1728 433 1792 Rectius
447 1727 542 1809 legis:
567 1727 607 1789 In
622 1728 788 1809 pulverem
803 1727 1050 1810 absorbent.†††
1087 1729 1158 1792 Uti·

213 1824 268 1881 tur
289 1818 386 1883 verbo
410 1816 611 1893 absorbendi,
636 1822 673 1879 ut
696 1823 866 1897 exaggeret
883 1837 995 1880 eorum
1009 1817 1158 1899 impieta-

214 1913 283 1970 tem
305 1905 652 1988 pervortendorumque
667 1905 861 1970 iudiciorum
876 1905 1030 1982 studium,
1054 1926 1086 1986 q.
1102 1906 1156 1974 dr:

119 2058 124 2067 ,
215 1995 379 2076 Redigunt
400 2014 558 2077 pauperes
581 2013 711 2076 prorsus
733 1993 769 2056 in
791 1989 950 2056 nihilum4
982 1996 1065 2058 sieut
1087 1995 1157 2075 pul-

216 2104 332 2160 verem,
357 2077 519 2148 iudicant⁵
553 2104 620 2147 non
642 2083 766 2165 pupillo
789 2102 849 2146 neo
871 2083 977 2147 viduis
1000 2088 1158 2165 autxpau-

168 2251 169 2254 Ἴ
216 2173 356 2253 peribus,
392 2173 450 2252 qui
474 2173 595 2253 alioqui
617 2171 727 2234 miseri
760 2179 837 2235 sunt
870 2165 962 2253 plus⁶
1000 2173 1089 2248 satis,
1124 2180 1160 2236 et

215 2281 355 2340 quorum
376 2262 464 2325 volui
493 2255 622 2324 haberi⁷
650 2261 822 2337 rationem,
858 2260 922 2345 sed
938 2259 980 2322 ad
1013 2261 1161 2327 favorem

214 2350 412 2429 optimatum
436 2356 468 2413 et
490 2351 673 2431 potentium
694 2355 915 2431 perverterunt
949 2349 1085 2426 iudicia,
1120 2356 1160 2413 ut

215 2437 316 2506 etiam
338 2443 387 2499 est
409 2437 445 2499 in
466 2438 583 2500 Hosea.

306 2524 398 2587 Idem
421 2525 579 2605 estquod
603 2527 763 2607 sequitur:

416 2685 458 2749 llt
480 2685 567 2749 viam
589 2685 764 2749 humilium
787 2685 959 2750 declinant.

307 2793 359 2855 Ex
379 2793 533 2856 hebraeo:
558 2793 741 2874 Viam††††
774 2793 969 2856 afflictorum
995 2799 1158 2874 torquent,

217 2883 268 2947 vel
283 2887 479 2965 pervertunt.
527 2881 693 2962 Significat
708 2887 818 2945 autem
840 2882 909 2945 via:
933 2883 1072 2963 negotia,
1097 2902 1159 2946 res.

215 2973 339 3052 Estque
363 2971 535 3035 sententia:
571 2972 754 3052 Pauperum
782 2990 885 3051 usque
919 2971 1000 3035 adeo
1034 2972 1161 3035 nullam

214 3061 340 3125 habent
362 3060 535 3136 rationem,
560 3066 597 3122 ut
620 3079 758 3140 quorum
781 3059 944 3124 debebant
971 3060 1041 3124 vias
1064 3061 1159 3138 tueri,

307 3251 334 3318 1)
358 3267 426 3306 eum
443 3253 559 3307 iustum.
597 3252 624 3319 2)
653 3257 791 3306 secutum.
828 3252 857 3319 3)
883 3252 954 3307 iusti
971 3252 1062 3308 hrisse
1080 3219 1180 3320 apud-

217 3337 287 3376 eum
304 3323 453 3377 rationem.
491 3323 519 3391 4)
539 3327 569 3376 et
587 3323 663 3377 sicut
681 3324 830 3392 pulverem
849 3328 1008 3379 conterunt.
1045 3323 1074 3391 5)
1094 3323 1164 3379 Non

216 3392 349 3447 iudicant
367 3409 429 3462 sqq.
466 3395 494 3462 6)
514 3395 603 3448 Deest
620 3395 694 3462 plus.
733 3395 760 3462 7)
778 3394 893 3449 habere.

306 3568 336 3638 ι)
369 3571 441 3624 Ien:
471 3572 587 3625 Summa
614 3573 784 3640 prophetiae
811 3567 964 3628 adversum
990 3571 1138 3627 Israhelen

217 3641 326 3695 vuirt:
354 3641 472 3696 Summa
499 3642 675 3709 prophetiae.
730 3643 777 3711 ἡ)
813 3644 888 3698 len:
923 3644 1011 3713 Impii
1038 3643 1134 3697 iudice

218 3713 309 3850 ppppt)
320 3713 437 3836 :Vffpxat
454 3712 639 3780 tyrannidem
657 3717 686 3768 et
704 3714 862 3771 avaritiam.
899 3714 965 3784 ffi)
984 3713 1126 3769 Absorber
