2584 4267
400 281 522 344 Johelis
545 280 728 361 prophetae.
905 363 912 373 Ι
992 282 1031 343 91

110 460 235 521 libenter
260 459 320 520 hoo
349 457 391 519 ad
417 456 600 534 dominum,
629 477 696 518 non
723 457 765 519 ad
791 459 962 537 Assyrium
988 478 1033 520 re·

109 547 222 624 ¹ferrem.
256 546 308 608 Sic
332 552 380 609 est
402 545 438 607 in
460 546 612 609 hebraeo:
639 545 801 617 Quoniam
816 547 1036 627 magnificavit

111 635 211 697 faeere.
256 635 341 697 Nam
364 635 496 697 omnino
519 634 632 698 eadem
656 640 704 697 est
726 654 789 697 vox
813 655 896 715 quae
923 635 1034 697 statim

109 725 140 799 in
165 724 258 787 allero
285 744 381 786 versu
407 724 565 803 sequitur,
594 723 653 785 ubi
681 744 701 784 a
727 728 835 786 nostro
863 724 1034 803 interprete

108 814 198 874 etiam
224 813 269 874 sie
297 818 345 875 est
371 811 509 874 reddita:
547 812 702 891 quoniam
717 878 721 882 ,
736 812 955 891 magnificavit
982 811 1033 874 do·

107 902 207 963 minus
233 907 269 962 ut
296 900 421 963 faceret.
469 901 529 962 Est
556 906 587 962 et
615 900 728 962 eadem
755 920 820 963 vox
846 900 881 962 in
908 901 1034 980 psalmo

111 990 201 1067 125†:
226 990 444 1069 Magnificavit
467 989 618 1051 dominus
641 989 744 1050 faeere
767 990 945 1051 nobiseum.
992 989 1035 1050 nt

110 1079 149 1140 sio
174 1082 252 1139 esset
282 1078 455 1144 sententia:
486 1078 645 1139 Dominus
674 1078 843 1157 magnifiee
866 1077 976 1153 furiet,
1005 1093 1035 1142 et

109 1164 167 1229 obt
187 1170 273 1231 atnoe
296 1166 418 1250 topffets
440 1166 493 1231 bor
514 1165 564 1249 bet
587 1165 670 1248 ibon.

401 1342 476 1405 Noli
499 1343 612 1406 timere
635 1349 727 1408 terra.

185 1487 214 1546 q.
231 1467 276 1529 d.:
293 1467 330 1549 Si
345 1486 401 1529 vos
417 1467 688 1547 poenitueritis&
700 1472 732 1530 et
747 1466 891 1529 conversi
907 1465 1033 1527 fueritis

110 1554 146 1616 ad
170 1555 349 1632 dominum,
379 1556 549 1635 magnifice
577 1562 650 1635 aget
675 1575 733 1636 pro
756 1555 848 1617 vobis
871 1554 1031 1630 dominus,

110 1644 183 1705 nihil
217 1645 334 1724 poterit
379 1643 594 1707 adversarius
623 1646 781 1707 exereitus
819 1648 929 1705 eontra
966 1661 1032 1719 vos,

108 1732 254 1795 damnum
292 1753 388 1795 omne
425 1733 575 1795 resarciet
616 1732 782 1808 dominus,
826 1730 1033 1792 abundabitis
1105 1740 1112 1752 “

110 1840 223 1883 nusum
251 1823 342 1883 omni
371 1822 464 1901 eopia
490 1821 572 1897 vini,
604 1822 682 1897 olei,
712 1820 921 1894 animalibus,
951 1837 1033 1897 quae

112 1910 207 1971 omnia
234 1930 291 1990 per
320 1905 478 1971 locustas¹
511 1915 605 1971 antea
635 1915 712 1973 sunt
740 1910 919 1986 devastata,
951 1908 1035 1969 siout

113 1998 236 2061 subiicit.

255 2156 363 2219 Nolite
378 2158 500 2220 timere
524 2155 681 2220 animalia
694 2151 871 2234 re*gionis.

185 2279 274 2343 Siout
293 2284 405 2361 'supra
437 2282 654 2343 comminatus
688 2286 737 2342 est
769 2278 968 2342 internitiem
1002 2284 1034 2341 et

112 2365 349 2435 devastationem
364 2376 475 2447 terrae,
499 2369 697 2446 hominibus,
722 2369 886 2444 iumentis,
905 2368 952 2429 ita
966 2368 1034 2429 iam

115 2474 226 2519 rursum
252 2478 309 2538 per
336 2459 483 2522 ordinem
510 2476 621 2519 omnes
650 2459 840 2533 consolatur,
874 2476 940 2517 non
967 2456 1033 2519 fore

115 2549 141 2605 ut
157 2547 323 2623 intereant,
348 2546 444 2610 modo
468 2552 565 2627 agant
578 2546 821 2626 poenitentiam,
845 2547 950 2607 latura
965 2564 1034 2607 esse

114 2636 206 2707 onnia
228 2636 360 2697 uberem
382 2636 524 2713 fructum
547 2640 604 2699 ete.

116 2788 118 2795 ¹
184 2827 212 2895 *)
230 2826 333 2894 incipit
350 2844 378 2895 p.
397 2826 479 2879 mn.
498 2826 592 2883 Mser.

118 3019 200 3090 tentia,
227 3020 280 3075 sod
302 3035 361 3074 non
382 3021 425 3074 ita
449 3022 524 3075 bene
541 3018 662 3074 reddita
698 3021 773 3073 Nam
794 3021 836 3073 sio
853 3021 913 3073 fere
931 3019 1034 3085 legitur

58 3124 62 3133 ι
118 3064 274 3146 inEbraeo:
293 3091 559 3159 Computreseatet
547 3093 636 3145 ttfoe
637 3091 710 3159 obit,
736 3090 804 3158 quia
822 3091 944 3163 superbe
963 3091 1034 3157 egit;

120 3159 155 3211 sed
171 3163 231 3216 noli
249 3163 364 3232 timere,
389 3164 515 3215 oterra.
556 3164 630 3215 Nam
655 3162 790 3215 dominus
808 3178 921 3229 quoque
938 3166 1036 3230 potest

120 3235 220 3298 superbe
243 3248 335 3299 agore.
378 3234 432 3287 Est
457 3234 535 3286 enim
559 3231 790 3297 vocabulumffl
812 3249 869 3301 quo
894 3249 964 3287 usus
990 3238 1036 3287 est

119 3302 226 3363 psalmus
255 3303 322 3357 125:
356 3304 554 3387 Magnifioabit
588 3304 723 3357 dominus
752 3306 846 3357 faeere
875 3304 1034 3359 nobiseum

167 3390 184 3427 ro
205 3376 278 3429 haec
300 3374 454 3442 promissio
477 3390 511 3427 eo
532 3374 659 3442 pertinet
677 3378 709 3427 ut
728 3375 821 3427 sciant
838 3391 958 3443 regnum
980 3376 1035 3429 hoc

178 3445 225 3503 diu
243 3446 422 3514 duraturum,
439 3444 530 3499 donee
549 3444 683 3500 Christus
700 3446 805 3500 veniat.

187 3518 213 3585 1)
231 3532 283 3586 per
302 3517 409 3573 hostes

167 3624 312 3635 ——--

189 3677 214 3745 i)
235 3677 311 3729 Psal.
332 3674 392 3730 125.
433 3674 480 3743 ἤ)
497 3676 717 3731 Poenitsntibus
735 3627 878 3792 promittit
895 3673 1036 3728 liberatio

167 3746 367 3815 1.†l†)Psal.
388 3746 447 3802 125.
794 3788 797 3794 ,
