2584 4267
913 298 1112 360 Amos
1157 298 1525 379 prophetae.
2032 299 2158 365 427

844 474 992 538 Non
1037 481 1254 556 surget
1299 476 1596 558 amplius.

461 580 605 644 Hm:
653 588 749 644 est
793 581 970 662 quod
1025 576 1123 645 et¹
1191 583 1600 664 prophetavit
1642 583 1839 646 Ozeas
1898 604 2036 666 cap.
2091 586 2160 647 1:

276 692 416 732 non
489 668 721 732 addam
793 671 959 733 ultra
1023 670 1314 734 misereri
1382 670 1607 734 domui
1660 672 1905 735 Israhel
1921 677 1983 753 ,†
2051 673 2163 752 sled

276 760 601 824 obliuione
649 759 987 822 obliviscar
1030 779 1272 822 eorum.
1328 761 1444 823 Ita'
1460 760 1636 823 enim
1666 767 1820 824 sunt
1849 760 2163 826 devastati

276 856 348 912 et
396 848 685 928 dispersi,
757 854 831 911 ut
897 867 1236 928 nunquam
1305 849 1436 912 sint
1501 850 1573 911 in
1639 869 1912 930 regnum
1970 871 2163 914 suum

276 936 545 1012 redussti
597 936 665 1000 id
713 936 888 1016 quod
933 944 1030 1000 est
1072 937 1144 1000 in
1190 938 1384 1000 sacris
1430 938 1734 1022 historiis.

909 1096 992 1157 In
1035 1101 1272 1158 terram
1317 1116 1522 1160 suam.

465 1204 701 1264 Iauebit
749 1208 927 1265 vasta
971 1207 1038 1264 et
1066 1202 1368 1278 solitaria,
1418 1203 1833 1266 manentibus
1864 1205 2159 1285 pauculis

276 1292 585 1372 reliquiis,
637 1292 749 1352 sed
797 1291 917 1353 hae
961 1290 1266 1371 reliquiae
1312 1311 1446 1354 non
1490 1298 1682 1355 erunt
1738 1291 2162 1358 conferendae

276 1400 433 1444 eum
477 1380 573 1456 ijs,
637 1380 749 1460 qui
804 1379 1184 1443 abiicientur
1242 1386 1307 1443 et
1359 1380 1682 1461 peribunt,
1744 1382 1855 1445 vix
1912 1382 2163 1446 decima

276 1488 429 1548 pars
481 1468 810 1552 supererit,
855 1474 930 1532 ut
974 1488 1056 1530 ex
1101 1469 1519 1551 sequentibus
1562 1476 1762 1552 patet.

497 1648 665 1708 Urbs
713 1648 793 1708 de
835 1665 969 1726 qua
1012 1645 1504 1727 egrediebantur
1548 1647 1725 1710 mille
1772 1643 1929 1711 et0.²

461 1756 605 1816 Hor:
653 1760 765 1828 est,
814 1751 990 1833 quod
1033 1771 1231 1835 supra
1274 1752 1444 1815 dixit
1487 1751 1569 1816 de
1599 1753 1885 1832 reliquiis
1918 1755 2157 1817 salvan·

276 1844 493 1924 dis‚††
545 1844 733 1924 qussi
777 1847 992 1923 erepto
1032 1860 1222 1909 eruce
1268 1861 1352 1904 ex
1397 1861 1504 1906 ore
1548 1841 1771 1918 leonis,
1834 1846 1899 1903 et
1942 1848 2160 1924 erepto

276 1932 509 1996 titione
557 1952 637 1992 ex
681 1928 996 1994 innendio.
1089 1931 1217 1993 Hic
1247 1929 1412 1998 clare
1452 1930 1591 1998 sine
1622 1929 1827 2009 figura
1854 1930 2157 2010 loquitur,

276 2044 340 2100 q.
396 2020 493 2084 eL:
557 2020 908 2083 Miserrime
970 2017 1413 2096 vastabuntur,
1473 2017 1587 2083 sed
1645 2025 1866 2084 tamen
1909 2038 2157 2102 supere-

276 2116 433 2172 runt
477 2108 781 2188 reliquiae
828 2107 1277 2190 paucissimae.
1326 2147 1328 2150 ⁴

979 2266 1278 2341 Quaerite
1324 2286 1449 2331 me.

457 2376 645 2436 Nune
725 2372 970 2440 orditur
1046 2372 1349 2438 dominus
1429 2371 1850 2460 blandissime
1935 2373 2157 2439 adhor-

276 2464 529 2544 tasi†††
589 2460 653 2528 e't
697 2482 976 2539 monere,
1025 2482 1090 2543 q.
1138 2461 1237 2526 d.:
1307 2482 1431 2540 me,
1501 2461 1617 2527 me'
1653 2462 1971 2544 quaerite,
2044 2483 2160 2544 ego

276 2572 457 2628 sum,
533 2552 645 2632 qui
705 2572 814 2616 vus
882 2549 1194 2633 percuti0‚
1267 2552 1436 2614 sicut
1492 2571 1689 2632 supra
1754 2550 1951 2614 dixit:
2024 2553 2161 2633 Ego

276 2636 513 2704 vestiarii5
589 2648 812 2724 potero
865 2659 1110 2716 sanare,
1183 2639 1345 2720 quid
1412 2639 1664 2707 curritis
1732 2639 1816 2702 ad
1882 2639 2162 2722 impium

276 2740 567 2796 vestrum
613 2732 859 2792 cultum
911 2729 983 2791 in
1025 2728 1235 2803 Betel‚
1295 2721 1418 2790 ad*
1482 2746 1587 2788 me
1632 2727 1966 2791 recurrite!
2060 2729 2161 2792 Ita

276 2840 537 2900 semper
601 2820 902 2880 dominus
971 2817 1245 2881 alterum
1306 2815 1567 2878 oculum
1588 2848 1603 2853 -·
1625 2813 1914 2877 defixum
1965 2816 2163 2878 habet

276 2908 352 2972 in
380 2908 577 2984 BeteL
613 2908 781 2972 sieut
809 2913 875 2971 et
903 2906 1125 2970 statim
1155 2903 1442 2968 subiicit:
1497 2896 2024 2985 ⁵Quaerere††††
2054 2905 2159 2967 do·

276 2996 534 3059 minum
597 3016 729 3060 ‚nnn
797 3002 893 3059 est
960 2995 1260 3077 operibus
1330 2987 1647 3056 ⁶externis
1716 2998 1829 3055 aut
1896 2998 2161 3056 externa

461 3204 513 3272 1)
569 3204 936 3272 prophetavit
989 3207 1049 3257 et
1104 3220 1229 3272 sqq.
1303 3203 1359 3271 2)
1414 3203 1602 3256 deest:
1658 3206 1765 3257 etc.
1850 3202 1907 3270 3)
1961 3205 2161 3271 potero

276 3276 457 3328 etiam
477 3292 601 3344 sqq.
673 3276 729 3344 4)
757 3276 942 3329 deest:
962 3274 1037 3328 ad
1055 3290 1149 3329 me
1170 3305 1236 3314 -—
1256 3275 1437 3329 Betel.
1494 3274 1550 3341 5)
1576 3274 1725 3328 Nam
1742 3289 2013 3344 quaerere
2034 3290 2158 3343 sqq.

276 3344 336 3412 R]
372 3348 629 3400 externis
669 3345 937 3416 operibus
976 3362 1100 3415 sqq.
1607 3363 1609 3365 ’

457 3564 513 3628 †]
553 3560 733 3616 Israel
769 3561 1041 3616 abiectus.
1116 3560 1209 3626 Η)
1248 3559 1531 3626 Reliquiis
1568 3559 1937 3626 paucissimis
1976 3573 2159 3632 serva-

320 3648 356 3684 s
375 3632 585 3700 reliqui
605 3632 889 3700 peribunt.
963 3631 1095 3698 †††)
1125 3630 1277 3684 Ien.:
1317 3630 1535 3685 Invitat
1562 3631 1637 3684 ad
1655 3647 1853 3686 veram
1869 3628 2162 3696 poeniten-

304 3720 433 3756 iam.
473 3704 685 3756 “witta
705 3703 1016 3758 Promissio
1032 3707 1092 3757 et
1110 3701 1425 3755 consolatio
1443 3702 1793 3756 dulcissima.
1822 3699 1991 3766 ††††)
2014 3699 2159 3751 Ien.:

296 3776 565 3836 Quaerere
605 3772 918 3829 [luminum.
990 3773 1202 3828 Vuitt.:
1243 3772 1528 3835 Quaerere
1564 3772 1865 3826 dominum
1889 3770 2032 3840 quid
2065 3769 2154 3824 sit.
