2584 4267
261 262 328 326 302
600 259 705 342 Caput
727 258 859 324 tertium

253 437 457 520 'inexpiabile
494 443 664 520 peccatum
701 457 787 513 esse,
826 437 961 502 fundere
999 437 1192 501 innocentem

261 526 463 608 sanguinem.
509 525 599 588 Sicut
620 524 719 606 igitur
740 524 874 590 ecclesia
895 523 1029 598 credens
1050 527 1085 589 in
1100 526 1191 590 Chris·

261 622 347 692 tum,
379 634 471 696 spem
499 613 697 680 remissionis
724 621 929 696 peccatorum
952 621 1073 680 certam
1094 615 1191 680 habet.
1247 633 1251 700 1

260 704 313 768 Ita
326 704 436 769 hostes
451 703 601 769 ecclesiae
615 703 806 786 inexpiabili
821 709 951 786 peccato
967 709 1126 780 tenentur,
1148 723 1192 766 nc·
1247 701 1251 784 1

261 813 326 872 qus
350 791 437 855 aliud
461 812 561 873 quam
583 798 704 856 certam
734 798 766 856 et
793 798 957 856 aeternam
987 791 1193 874 expectabunt
1249 795 1251 870 ξ

261 882 521 958 damnationem,
548 881 614 944 nisi
636 879 767 946 accedat
788 900 863 944 vera
885 881 1098 963 poenitentia,
1121 881 1192 944 sicut
1248 873 1251 964 'j

262 970 337 1034 msa
373 989 501 1051 quoque
535 970 749 1052 pronunciat‚'
778 989 848 1055 cap.
878 963 934 1032 22¹
974 971 1026 1034 Tu
1059 969 1104 1034 eis
1135 989 1191 1033 non

262 1057 417 1122 remittes.
1249 1055 1251 1088 ³

257 1224 261 1228 ⁴
351 1147 442 1211 Haec
464 1147 614 1212 ecelesiae
638 1147 813 1214 consolatio
835 1153 899 1224 est,
935 1147 1019 1228 quae
1044 1147 1124 1214 sicut
1143 1165 1191 1230 per
1229 1127 1251 1198 ’Ϊ

264 1237 400 1302 verbum
422 1235 545 1304 iudicat
566 1236 743 1300 mundum:
767 1237 815 1300 ita
836 1242 967 1321 propter
982 1237 1114 1300 verbum
1134 1256 1190 1298 non
1249 1269 1251 1314 1

262 1327 369 1390 solum
402 1325 487 1388 male
521 1325 613 1390 audit
647 1331 680 1388 et
712 1324 969 1407 blasphematur,
1012 1324 1070 1389 sed
1106 1325 1191 1388 etiam
1248 1317 1251 1408 1

259 1415 389 1494 plagas,
424 1413 490 1478 imo
524 1420 643 1478 mortes
677 1411 745 1480 non
777 1413 875 1478 unius
909 1413 1036 1494 generis
1059 1413 1189 1480 sustinet.
1249 1411 1251 1502 1

262 1502 338 1567 Huc
360 1501 459 1583 igitur
480 1502 700 1584 respiciamus,
724 1509 757 1570 et
772 1522 839 1568 non
854 1502 894 1565 de
914 1503 1133 1588 praesentibus
1152 1502 1189 1564 in-
1249 1527 1251 1592 g

262 1589 458 1667 commodis,
489 1591 547 1656 sed
575 1591 616 1655 de
645 1592 731 1656 certo
754 1598 919 1657 ettamen
942 1593 1066 1659 occulto
1089 1596 1191 1656 eventu
1249 1598 1251 1669 5

263 1678 450 1762 cogitemus,
474 1700 574 1761 quem
595 1681 688 1762 sequi
710 1680 861 1762 utrinque
884 1701 1014 1748 necesse
1037 1677 1191 1762 estquod

264 1769 343 1833 Zion
365 1767 573 1848 habitabitur,
597 1769 704 1835 Edem
726 1775 836 1836 autem
858 1767 919 1835 e'rit
940 1769 1074 1836 tandem
1095 1769 1128 1832 in
1147 1766 1189 1832 de·
1249 1767 1251 1772 ’

263 1864 396 1922 sertum.
442 1859 539 1924 Varie
560 1860 623 1923 hoc
645 1865 789 1941 tempore
811 1864 964 1940 quassata
986 1864 1036 1923 est
1064 1856 1189 1932 ecclesia

264 1947 405 2011 necdum
426 1953 555 2013 cessant
576 1947 768 2013 insidiarum
790 1945 879 2014 uaria
901 1947 1054 2030 pericula,
1078 1945 1189 2032 praebe
1249 1945 1251 2011 ἒ

264 2035 379 2100 bemus
403 2042 512 2100 autem
532 2037 638 2102 multa
659 2036 700 2100 de
722 2037 815 2101 nobis
838 2042 945 2102 metus
968 2043 1001 2100 et
1015 2034 1190 2123 desperatio
1249 2043 1251 2074 ³

265 2125 317 2187 nis
352 2126 509 2208 exempla.
557 2124 620 2188 Sed
654 2145 710 2192 our
743 2145 812 2190 non
843 2125 1026 2206 colligimus
1057 2127 1136 2192 nos?
1164 2130 1191 2189 et
1249 2147 1251 2206 5

265 2212 456 2280 subiioimus
484 2214 580 2279 nobis
606 2234 673 2278 non
702 2213 809 2278 solum
839 2215 1009 2280 notissima
1030 2215 1190 2298 scripturae
1249 2215 1251 2232 ⁴

264 2301 450 2366 indubitata
464 2303 658 2381 testimonia,
683 2303 740 2370 sed
755 2303 854 2368 etiam
868 2302 1038 2370 notissima
1057 2301 1192 2384 exempla

264 2389 413 2452 omnium
447 2396 598 2455 aetatum.
657 2392 737 2468 Quis
769 2392 918 2458 omnium
949 2413 1063 2472 regum
1091 2387 1192 2456 mundi

265 2497 333 2543 non
362 2476 453 2542 dedit
480 2499 601 2561 poenas
623 2486 799 2548 attentatae
828 2481 1082 2564 persecutionis?
1124 2477 1192 2554 Quis
1249 2477 1251 2528 J

266 2585 414 2646 unquam
463 2567 617 2632 foeliciter
674 2591 732 2652 pro
782 2569 931 2636 idolatria
984 2566 1194 2656 depugnavit?
1249 2569 1251 2632 3

265 2655 382 2721 Nonne
417 2655 476 2738 qui
513 2657 719 2726 foelicissime
762 2657 1031 2726 administrarant
1071 2655 1195 2740 imperia

266 2743 435 2828 principio,
456 2746 570 2812 statim
591 2768 668 2812 cum
691 2745 1193 2832 ecclesiasaffligerecoep'erunt
1250 2745 1251 2800 ἶ

262 2833 473 2913 ‘horribilibus
488 2835 648 2919 periculis,
666 2843 698 2901 et
713 2836 948 2904 calamitatibus
964 2834 1194 2901 incredibilibus

266 2925 394 3006 excepti
428 2928 526 2990 sunt?
575 2925 760 2991 Adversarii
794 2925 884 2990 verbi
921 2925 1007 2990 varie
1045 2925 1195 2990 decmrant
1250 2957 1251 2962 κ

263 3013 381 3091 ,odium
404 3034 501 3078 suum
522 3022 634 3078 contra
657 3015 805 3080 eeclesias
828 3021 969 3092 nostrae,
987 3016 1027 3078 et
1048 3011 1194 3079 eiusmodi
1250 3043 1251 3092 3

267 3121 356 3165 nune
377 3103 581 3168 instruuntur
601 3105 709 3182 initia,
741 3125 823 3186 quae
852 3104 1007 3191 religioni¹
1023 3124 1115 3169 verae
1142 3101 1193 3166 rui-

267 3208 346 3253 nam
379 3211 489 3257 secum
522 3192 673 3258 videntur
706 3199 855 3258 mactrna.
905 3193 995 3259 Haec
1024 3191 1095 3275 pios
1124 3188 1193 3272 cogi·

270 3283 376 3343 tentes
400 3279 440 3344 dc
463 3283 650 3362 posteritate
674 3283 861 3364 gratissime
885 3289 1043 3353 exercent.
1250 3345 1251 3348 ,

358 3366 421 3432 Sed
444 3391 511 3434 non
533 3372 677 3436 hostium
699 3369 857 3453 potentia,
887 3391 954 3434 non
976 3377 1086 3453 nostra
1107 3367 1192 3434 ἰωὴ
1250 3369 1251 3386 ¹

268 3454 399 3519 oillitate
433 3465 466 3522 et
498 3456 660 3542 paucitate
694 3466 878 3523 terreamur,
930 3460 1069 3523 Causam
1101 3459 1145 3542 ips

267 3544 461 3610 intueamur.
507 3549 695 3613 Retinemus
718 3550 953 3614 confessionem
976 3549 1035 3612 filii
1056 3549 1149 3624 deii

360 3743 387 3811 1)
405 3745 483 3800 len:
503 3739 606 3825 Esaiae
623 3740 650 3794 2.
677 3751 679 3757 ·
731 3805 734 3810 ,
806 3820 811 3833 1
