2584 4267
194 310 259 375 sao
603 310 727 376 asna
799 274 813 305 '¹

192 488 421 573 depraedarere
449 489 582 553 fratrem
608 494 716 566 tuum,
747 493 786 564 ut
812 487 967 569 diriperes
996 487 1027 549 ei
1057 498 1139 551 suas
1268 481 1274 488 '

111 615 113 619 >
192 578 377 656 facultates,
409 579 540 659 quando
567 597 621 640 me
650 577 826 658 instigante
853 575 1035 641 mittebatis
1057 594 1136 638 cum
1257 629 1274 650 ,,

192 668 324 750 reliquis
346 668 496 748 gentibus
518 673 629 732 contra
658 671 734 730 c‘um
763 664 821 730 sed
851 671 885 728 et
911 664 1074 729 retinuisti
1102 670 1137 727 et

192 763 337 821 moratus
360 775 394 819 es
417 776 489 833 cos,
519 756 576 837 qui
598 754 750 820 volebant
772 755 835 818 sibi
857 754 936 834 fuga
958 754 1136 829 consulere,

193 851 290 926 atque
311 845 358 908 ita
380 850 520 908 retentos
542 843 666 926 placuit
687 842 800 907 occidi.

389 1120 392 1124 Ι
508 1033 600 1104 Non¹
629 1038 810 1104 concludes.

282 1162 354 1227 Hoc
369 1170 427 1240 est,
452 1183 507 1227 eos
529 1164 587 1246 qui
609 1184 676 1228 non
692 1169 842 1246 poterant
863 1163 975 1244 fugere
989 1161 1140 1244 pressisti
1265 1246 1270 1255 ,

194 1257 227 1315 et
248 1253 358 1316 ursisti
380 1273 422 1315 ne
444 1273 511 1316 non
534 1272 646 1316 omnes
668 1251 898 1324 occiderentur.

290 1445 451 1520 Quoniam
474 1447 559 1511 sicut
580 1453 617 1512 tu
638 1428 753 1510 bibisti
766 1428 872 1540 'super
894 1450 1039 1508 montem

518 1542 667 1599 sanctum
690 1554 811 1598 meum.

284 1656 427 1722 llinatur
443 1658 595 1723 omnibus
614 1659 764 1741 gentibus
782 1657 1027 1736 vastationem,†
1038 1677 1070 1738 q.
1085 1657 1139 1719 d:

195 1763 395 1827 concoquam
417 1753 449 1810 te
472 1754 505 1811 et
526 1748 606 1811 alias
636 1754 747 1828 gentes
771 1767 899 1823 omnes,
929 1745 1142 1810 vastabimini
1261 1804 1270 1813 .

197 1853 272 1911 una,
297 1836 380 1899 siout
401 1837 560 1923 populum
582 1855 694 1900 meum
715 1829 894 1912 vastastis,²
921 1835 1140 1915 deglutivistis
1261 1826 1271 1899 ἶ

198 1929 232 1986 et
252 1924 380 1988 bibistis
400 1944 476 1988 mea
497 1926 584 1988 bona
605 1925 640 1988 in
663 1924 845 1989 sanctuario
867 1944 950 2001 meo,
974 1923 1032 1986 sed
1050 1923 1141 1999 faxo,
1262 1932 1269 1959 “·

198 2017 236 2076 ut
263 2012 318 2075 alii
347 2012 461 2095 populi
488 2019 545 2077 tua
574 2013 717 2077 vicissim
747 2013 858 2076 omnia
887 2017 1081 2076 consumant
1109 2017 1145 2074 et

197 2098 383 2182 deglubant.
427 2101 482 2166 sio
504 2095 605 2166 miro⁰
631 2101 751 2167 iudicio
774 2101 854 2164 deus
877 2101 1019 2184 optimus
1037 2100 1141 2162 maxi·

198 2207 273 2253 mus
289 2209 415 2272 semper
430 2191 522 2255 novis
537 2191 677 2273 peccatis
692 2190 906 2271 quorundam,
930 2209 1012 2269 quos
1027 2189 1142 2265 enitet,

199 2279 295 2360 punit
316 2285 423 2344 vetera
445 2286 577 2362 peccata
598 2281 734 2343 alicuius
755 2280 855 2360 regui,
880 2279 964 2342 sicut
980 2277 1036 2340 hic
1054 2276 1142 2340 vide·

198 2367 324 2446 musi-t
367 2368 544 2431 Peccarunt
565 2375 677 2448 gentes
700 2388 783 2448 quae
805 2362 983 2449 populum⁴
1010 2366 1064 2429 dei
1082 2367 1142 2428 mi·

199 2474 266 2518 sere
295 2456 497 2519 afflixerant.
566 2457 631 2519 Hic
670 2457 814 2520 minatur
851 2456 1004 2519 dominus
1040 2455 1142 2518 huius

197 2543 322 2626 peccati
342 2542 529 2622 vindictam,
553 2543 710 2622 futurum,
734 2552 772 2609 ut
794 2545 876 2607 aliae
898 2550 1009 2625 gentes
1029 2550 1144 2607 contra

199 2631 443 2714 depraedatores
458 2633 619 2698 istossint
633 2640 796 2723 venture,
814 2640 910 2714 atque
925 2633 972 2696 ita
984 2633 1145 2715 puniatur

197 2726 367 2804 peccatum
390 2721 471 2784 illud
493 2727 586 2786 vetus
612 2743 696 2786 novo
718 2721 871 2803 quodam.
917 2721 970 2784 Sic
992 2720 1143 2784 Tarthari

198 2816 231 2873 et
260 2810 359 2874 Gothi
396 2811 490 2875 novis
523 2812 663 2893 peccatis
697 2816 855 2889 venerunt
887 2815 999 2887 contra
1020 2816 1143 2874 ‘vetera

198 2905 329 2981 peccota
357 2899 617 2976 Rhomanorum,
658 2899 715 2981 qui
743 2898 880 2962 Iudaeos
896 2898 1002 2961 ,miris
1030 2897 1141 2960 modis

198 2994 398 3070 presserant„
435 2987 542 3050 Hodie
570 2993 763 3069 potensest
791 2988 911 3063 lutea,
939 2986 997 3049 sed
1019 2987 1049 3051 si
1069 3005 1141 3050 non

199 3077 316 3164 statim
331 3076 519 3140 interiturus
542 3082 591 3140 est
612 3075 771 3153 mundus,
795 3069 920 3141 veniet⁵
947 3074 1061 3138 fortior
1082 3075 1141 3138 ali·

199 3165 283 3244 quis,
300 3165 357 3246 qui
372 3164 490 3229 iudicio
506 3164 559 3228 dei
574 3165 743 3242 excitatus,
760 3165 899 3227 'lincam
913 3163 1062 3227 subiiciet
1077 3170 1139 3227 ete.
1258 3162 1262 3171 '

290 3373 318 3442 1)
337 3374 419 3430 deest
442 3378 521 3432 totus
546 3375 641 3430 locus:
660 3374 726 3430 Non
744 3403 778 3428 -.
797 3364 1002 3430 occiderentur.
1048 3370 1077 3439 2)
1096 3371 1130 3426 de

199 3445 346 3500 vastastis.
382 3445 411 3513 3)
428 3461 502 3500 meu.
539 3445 568 3514 4)
591 3446 698 3502 misere
715 3445 857 3514 populum
874 3444 930 3500 dei.
966 3443 994 3509 t)
1012 3442 1130 3498 invenie

200 3515 347 3571 fortiorem
364 3515 498 3587 aliquem,
517 3517 568 3585 qui
587 3532 650 3584 sqq.

289 3706 318 3778 τ)
348 3709 547 3766 Comminatur
563 3711 710 3782 ⁴gentibus
734 3712 934 3780 vastationem.
989 3709 1036 3780 ll)
1063 3710 1127 3764 1³0⁰

201 3783 320 3848 peccata
336 3783 461 3849 peccatis
479 3782 573 3850 punit.
649 3819 653 3822 -
934 3793 937 3796 ’
