2584 4267
425 310 523 376 Joelis
545 314 731 394 prophetae.
977 311 1038 378 177

119 492 204 558 verbo
224 490 449 570 nusquam‘ab
472 509 510 552 eo
533 488 751 554 deflectamus.
797 489 869 554 Hoc
897 484 1040 572 primum

120 588 168 659 est,
188 588 224 644 ut
244 580 341 643 verbo
364 579 581 642 attendamus.

196 669 279 743 Quid
309 674 419 732 autem
448 667 548 732 tradit
575 668 736 732 verbum?
774 689 872 750 quam
901 670 1042 734 ostendit

120 758 254 840 placandi
274 758 329 820 dei
351 758 463 822 viam?
495 754 679 834 minuma
703 757 739 820 in
762 757 841 821 fletu
856 765 888 821 et
902 759 937 820 in
952 761 1042 822 luctu

120 847 329 923 convertimini
362 845 404 908 ad
432 848 486 910 me
515 851 549 909 et
576 846 713 909 scindite
747 866 814 910 non
847 853 950 911 vestes
985 847 1041 911 sed

121 937 203 999 corda
222 942 336 1000 vestra.
382 936 473 998 Haec
501 934 609 1016 prima
634 955 710 1020 pars
738 942 787 1000 est
813 937 1039 1017 poeniteutiae,

120 1045 206 1106 quam
221 1025 395 1107 prophetae
409 1025 553 1087 tradunt.
598 1024 702 1088 Notus
721 1030 829 1088 autem
844 1025 1042 1088 Judaeorum

120 1134 179 1177 mos
200 1120 248 1178 est
267 1118 372 1177 vestes
387 1111 604 1177 scindentium
619 1133 657 1175 ao
671 1114 881 1177 lacerantium
895 1115 931 1176 in
947 1114 1042 1177 rebus

121 1203 273 1267 adversis·
307 1202 359 1265 Sic
387 1203 500 1265 Annas
526 1201 727 1265 indicaturus
757 1202 914 1279 dolorem,
945 1223 1043 1282 quem

120 1311 155 1353 ex
173 1291 287 1354 Christi
301 1292 500 1374 blasphema,
524 1297 562 1354 ut
580 1284 753 1367 iudicabat,
777 1283 853 1355 voce
869 1283 1041 1373 acceperat,

118 1387 227 1443 ratem
248 1380 381 1463 rumpit,
404 1400 444 1442 ao
464 1380 569 1443 multa
590 1379 654 1442 alia
674 1380 710 1441 in
729 1381 828 1444 veteri
850 1386 1043 1466 testamento

119 1470 225 1532 similia
246 1470 396 1550 exempla
417 1463 523 1532 suut.1
571 1469 695 1532 Diserte
719 1475 828 1532 autem
851 1469 930 1532 dicit
952 1469 1041 1533 Joel:

117 1553 183 1620 Nori
201 1564 304 1622 vestes
327 1557 384 1621 sed
406 1558 503 1621 corda
525 1557 661 1621 scindite
684 1558 868 1638 significans
890 1559 971 1624 velle
998 1578 1042 1634 sc,

118 1653 152 1709 ut
170 1649 267 1711 serius
289 1647 333 1711 sit
354 1647 453 1724 dolor,
477 1667 544 1710 non
567 1647 746 1710 simulatus.
793 1648 877 1709 Nam
893 1648 1042 1711 hominos

118 1737 171 1799 etsi
204 1737 239 1798 in
272 1735 509 1800 calamitatibus
543 1734 654 1798 dolent
686 1741 797 1798 tamen
831 1757 896 1798 non
934 1735 1045 1798 dolent

118 1826 199 1888 serio.
243 1825 351 1888 Serius
373 1826 461 1888 enim
484 1831 517 1888 et
537 1843 632 1889 verus
655 1825 753 1901 dolor,
778 1825 820 1886 ad
850 1844 947 1904 quem
974 1843 1043 1905 pro·

117 1914 206 1994 pheta
225 1915 387 1991 hortatur,
416 1934 483 1976 non
506 1920 556 1976 est
577 1913 740 1994 querulari
762 1912 802 1975 de
829 1907 1064 1976 incommodis

117 2023 191 2082 quae
201 2004 351 2085 patimur,
368 2002 425 2066 sed
436 2021 568 2066 causam
581 2002 861 2065 incommodorum
875 2002 1042 2084 inspicere,

118 2097 236 2172 peoeata
258 2092 393 2169 scilicet,
428 2093 469 2155 de
496 2090 537 2156 iis
566 2092 686 2168 dolere,
720 2111 756 2154 ea
785 2091 970 2167 emendare,
1007 2109 1044 2152 ac

117 2186 202 2260 porro
229 2183 297 2245 non'
324 2181 511 2245 admittere..
546 2182 583 2244 'Is
611 2174 746 2244 demum
773 2185 866 2244 ierus
897 2179 1043 2242 doloret

117 2289 219 2332 verum
240 2271 458 2352 poenitentiae
479 2269 612 2333 initium
628 2275 686 2332 est.
732 2269 903 2350 Impudioa
916 2267 1043 2344 mulier,

117 2360 242 2422 maritus
257 2359 392 2436 adulter,
415 2365 541 2442 praeter
555 2355 770 2440 ignominiam
786 2357 884 2420 etiam
900 2357 1046 2420 sentiunt

116 2448 368 2512 maledictionem
397 2454 431 2510 et
457 2448 612 2530 inopiam.
659 2449 706 2516 De
737 2447 789 2510 his
823 2447 929 2510 dolere
962 2446 1046 2508 nihil

117 2536 183 2599 novi
204 2542 263 2600 est.
310 2537 370 2600 nst
391 2537 478 2600 euim
500 2539 581 2600 haee
607 2537 723 2601 veteris
750 2536 892 2599 hominis
919 2541 1043 2611 natura,

117 2643 146 2686 66
165 2631 201 2688 ut
222 2632 323 2702 amet,
354 2625 394 2688 de
416 2627 484 2689 suis
506 2627 600 2689 malis
623 2632 660 2688 ut
688 2626 795 2688 doleat
824 2630 856 2696 et
884 2631 1044 2704 queratur,

117 2713 235 2777 etiarnsi
257 2734 388 2778 causam
407 2716 486 2777 mali
500 2715 647 2778 nondum
663 2715 775 2790 oderit,
800 2719 857 2776 aut
871 2718 1044 2776 execretur.

117 2801 204 2866 Dolor
215 2809 325 2866 autem
337 2803 377 2866 de
389 2824 453 2884 quo
465 2805 597 2886 spiritus
613 2809 744 2867 sanctus
759 2802 813 2864 hic
829 2801 1045 2874 concionatur,

118 2898 171 2968 666,
204 2913 272 2956 non
303 2893 390 2955 affici
418 2895 523 2956 solum
556 2913 653 2959 sensu
687 2910 823 2973 poenae,
860 2887 916 2952 sed
951 2907 1047 2951 sensu

117 2981 241 3058 peccati,
262 2981 350 3062 quod
365 3002 423 3063 per
438 2982 631 3045 adulterium
646 2981 746 3042 deum
761 2977 941 3054 offenderis,
959 2977 1047 3057 quod

118 3071 283 3133 conieceris
306 3076 338 3132 te
359 3071 395 3132 in
417 3071 499 3133 iram
522 3078 554 3134 et
581 3069 844 3134 dammationem.
891 3067 955 3129 Hic
979 3085 1045 3128 sen-

118 3175 166 3221 sus
187 3180 263 3222 oum
286 3179 359 3224 vere
381 3161 549 3240 occupavit
579 3160 742 3236 animum,
772 3157 818 3220 ibi
847 3157 980 3220 demum
1003 3175 1047 3218 se·

118 3249 228 3326 quitur,
269 3248 357 3327 quod
393 3250 489 3328 vulgo
526 3255 642 3312 vocant
678 3249 802 3311 bonum
835 3245 1046 3329 propositum,

118 3354 175 3398 non
220 3341 416 3417 quaerentur
459 3337 599 3418 amplius
647 3337 830 3400 occasiones
875 3335 1048 3418 prohibita·

160 3445 182 3487 n
214 3425 406 3504 libidinum,
442 3427 579 3488 animus
597 3427 702 3488 *etiam
744 3425 786 3486 ad
820 3423 1049 3505 cogitationem

164 3512 274 3577 eteriti
297 3516 420 3597 peccati
443 3517 640 3578 cohorresoet
663 3520 696 3576 66
717 3514 903 3578 abhorrebit
925 3517 1049 3574 atanta

160 3603 273 3667 ditate.
320 3605 385 3668 Hic
406 3605 496 3668 dolor
514 3600 650 3687 ‘spiritus
674 3603 776 3666 sancti
799 3623 880 3686 opus
903 3607 965 3675 ost,
991 3599 1048 3678 qui

200 3797 229 3866 1)
247 3797 429 3852 Poenitentia
446 3813 521 3853 vera.

172 3896 240 3938 utheri
253 3907 301 3946 opp.
316 3899 401 3946 exegit.
427 3895 475 3936 Vol.
488 3895 554 3937 XXV.
757 3945 759 3948 Ι
853 3881 886 3933 12
