2584 4267
218 293 281 358 288
552 291 659 371 Caput
679 291 811 354 tertium

216 470 382 535 ecclesiam
404 468 514 532 induit
533 475 568 532 et
589 468 686 532 vestit
706 468 846 544 iustitia,
879 486 981 548 esque
1009 475 1092 532 certa
1118 473 1155 532 et

216 566 354 634 aeterna,
378 576 445 620 non
466 557 676 639 hypocritiae.

304 647 369 710 Hic
394 667 481 710 orror
507 646 747 727 pontificiorum
773 645 982 728 perniciosus,
1018 652 1051 709 et
1081 645 1155 710 ideo

215 737 334 816 dignus
360 742 426 811 est,
460 741 500 798 ut
530 753 626 816 saepe
660 739 797 798 taxetur.
849 729 918 797 ¹Sic
953 741 1062 799 autem
1090 735 1154 798 alte

215 825 335 888 insedit
356 824 475 887 animis
495 824 645 888 omnium
659 824 841 900 hominum,
864 830 902 887 ut
919 823 961 886 ad
977 824 1155 888 sanctitatis

108 911 121 934 ⁴
216 934 334 978 nomen
356 914 636 994 obstupescamus,
667 931 728 975 nec
756 913 932 994 quisquam
961 933 996 976 se
1018 914 1080 976 hoc
1100 933 1154 976 no-

215 1003 304 1066 mina
336 1001 474 1081 dignum
506 1001 636 1065 iudicat.
693 1002 834 1066 Istorum
867 1002 955 1064 enim
988 1001 1156 1083 proprium

214 1093 277 1154 hoc
299 1111 368 1154 esse
389 1091 549 1165 ducimus,
574 1091 631 1170 qui
646 1091 737 1154 exuti
752 1110 857 1167 carne,
881 1091 989 1153 autin
1005 1091 1155 1154 societate

216 1181 344 1244 coelesti
374 1180 501 1255 viumt,
537 1186 594 1243 sut
621 1179 666 1242 in.
685 1179 862 1260 sepulchris
891 1180 1156 1243 resurrectionem

215 1275 396 1350 expectant.
436 1268 499 1330 Sed
521 1267 684 1332 discamus
706 1269 841 1347 gloriam
856 1269 941 1330 hanc
955 1289 1023 1332 non
1037 1269 1156 1330 habere

215 1379 274 1422 nos
297 1379 338 1420 ax
360 1357 572 1437 nobisipsis,
596 1377 657 1419 nec
679 1377 720 1418 ex
742 1357 860 1420 nostris
887 1357 1055 1438 operibus,
1085 1357 1155 1420 viri·

214 1447 286 1521 bus,
310 1452 368 1509 aut
388 1445 522 1508 moritis.
561 1446 627 1508 Nos
651 1447 837 1508 enimcum
859 1447 1059 1526 respicimus,
1083 1465 1156 1509 vere

216 1554 341 1609 sumus,
366 1540 404 1596 ut
424 1534 542 1596 Paulus
565 1553 600 1596 se
622 1534 778 1616 appellat,
809 1535 957 1598 homines
985 1535 1097 1597 miseri
1124 1541 1157 1597 et

216 1623 334 1704 captivi
362 1623 495 1704 peccati.
548 1621 611 1684 Sed
639 1642 715 1686 oum
740 1623 931 1705 'respicimus
959 1623 1064 1686 filium
1092 1624 1155 1698 dei,

215 1732 291 1776 cum
321 1717 469 1775 sanctum
497 1711 674 1792 baptisma,
710 1717 743 1775 et
774 1712 884 1792 ipsum
918 1713 971 1775 dci
1005 1713 1158 1794 spiritum

106 1822 108 1826 ·
215 1803 380 1866 intuemur
401 1799 639 1864 inhabitantem
667 1801 730 1864 hoc
757 1802 912 1864 miserum
935 1807 968 1864 et
988 1801 1159 1863 infirmum

215 1890 374 1971 templum
396 1890 502 1952 carnis
524 1895 668 1966 nostrae,
693 1909 828 1970 quaeso,
859 1910 902 1952 an
923 1911 991 1952 non
1013 1890 1080 1953 filio
1103 1889 1158 1952 dei

216 1986 248 2043 et
283 1979 410 2060 spiritui
441 1985 553 2042 sancto
587 1979 766 2042 sanctitatis
800 1999 920 2041 nomen
951 1979 1158 2042 tribuemus?
1268 2023 1270 2054 ‚

216 2068 402 2133 Statuamus
428 2067 527 2146 igitur
546 2067 730 2130 -Ierusalem
760 2074 798 2130 ut
827 2068 985 2149 propheta
1014 2069 1160 2149 appellat
1269 2121 1271 2126 ,

216 2177 288 2220 vere
311 2177 380 2220 esse
402 2163 556 2232 sanctam,
580 2162 711 2238 propter
724 2157 962 2220 inhabitantem
984 2155 1161 2220 dominum
1246 2151 1271 2158 ’

214 2247 251 2308 in
273 2247 362 2308 Zion.
408 2245 443 2306 Si
465 2246 553 2308 enim
574 2246 610 2308 in
632 2246 737 2308 filium
760 2245 814 2308 dei
836 2245 1010 2322 credimus,
1035 2246 1063 2309 si
1084 2246 1162 2309 eius
1269 2277 1271 2334 3

216 2335 372 2413 sanguine
399 2354 458 2396 nos
487 2333 672 2420 redemptos
700 2334 908 2410 confidimus,
939 2335 967 2397 si
990 2353 1078 2398 sacro
1100 2335 1160 2398 ba·

215 2422 367 2503 ptismats
382 2441 495 2484 sumus
511 2421 622 2497 abluti,
646 2423 789 2503 profecto
805 2443 918 2486 sumus
934 2424 1046 2500 sancti,
1071 2423 1164 2488 sicut

100 2515 104 2524 '
214 2512 286 2592 ipss
308 2514 420 2572 sancta
441 2510 531 2589 virgo
554 2509 607 2573 dei
628 2517 740 2589 mater,
773 2512 857 2576 siout
878 2513 1000 2588 Petrus,
1024 2513 1160 2590 Paulus,

215 2605 247 2662 et
270 2598 334 2660 alii.
360 2598 451 2661 *Etsi
473 2599 562 2662 enirn
583 2599 620 2662 hi
641 2601 772 2682 propris
793 2621 866 2678 sua,
895 2607 933 2665 ut
962 2601 1007 2664 sic
1036 2601 1160 2678 dicam,

214 2688 397 2763 sanctitate,
432 2689 494 2751 hoc
523 2696 587 2764 est,
616 2689 710 2754 certis
741 2690 835 2753 donis
864 2690 958 2753 nobis
988 2696 1160 2768 auteeunt,

213 2785 323 2841 tamen
346 2783 469 2841 certum
491 2783 550 2854 est,
573 2779 661 2858 ipsos
684 2785 815 2859 propter
832 2778 918 2842 dona
932 2779 989 2841 illa
1002 2799 1069 2842 non
1084 2798 1164 2843 esse

214 2873 358 2943 sanctos,
388 2867 445 2931 sed
475 2873 605 2948 propter
634 2867 736 2930 solam
765 2867 863 2930 fidem
890 2868 926 2930 in
956 2867 1061 2930 filium
1083 2866 1163 2931 dei.

218 2951 331 3018 ²Hanc
354 2962 463 3020 autem
486 2976 545 3018 nos
568 2975 696 3036 quoque
724 2956 916 3033 retinemus,
948 2956 1163 3036 agnoscimus
1270 3007 1271 3010 η

214 3045 302 3111 enim
331 3045 472 3108 eundem
501 3045 665 3108 Christum
698 3065 756 3126 pro
791 3046 884 3108 nobis
911 3046 1037 3108 factum
1065 3045 1162 3108 victi·

213 3153 316 3209 mam
340 3140 374 3196 et
395 3154 457 3196 nos
476 3134 590 3196 eodem
612 3134 775 3214 baptismo
797 3133 989 3214 baptizatos,
1014 3133 1163 3198 eundem

214 3222 373 3302 accepisse
395 3221 547 3302 spiritum
570 3228 727 3286 sanctum.
774 3223 846 3285 Etsi
867 3223 965 3302 igitur
987 3223 1072 3285 inter
1094 3243 1163 3287 nos

213 3309 443 3374 dissimilitudo
466 3311 576 3391 aliqua
596 3318 655 3387 est,
679 3317 789 3375 tamen
805 3311 949 3378 Christus
964 3311 1086 3392 ubique
1102 3313 1162 3376 sui

213 3406 263 3462 est
284 3398 408 3475 similis,
433 3407 465 3463 et
488 3420 681 3480 quocunque
696 3401 785 3464 venit
807 3401 899 3464 affert
913 3419 1024 3463 secum
1039 3399 1161 3464 eadem

213 3489 312 3564 dona,
344 3489 566 3559 remissionem
595 3495 813 3570 peccatorum,
843 3496 876 3553 ct
906 3489 1056 3572 spiritum
1083 3508 1159 3552 san-

214 3584 311 3642 ctum.
364 3578 436 3641 Hoc
469 3578 626 3658 pontificii
661 3598 727 3641 non
761 3584 895 3654 norunt,
933 3578 1043 3658 itaque
1079 3598 1161 3640 cum

304 3771 330 3839 1)
341 3728 459 3827 ‘Omnes
476 3771 577 3826 fideles
596 3777 665 3826 suut
683 3772 783 3828 sancti.
820 3771 848 3841 2)
868 3770 1012 3826 Sanctitas
1030 3785 1107 3825 vcra.
