2584 4267
43 314 46 339 ⁸
448 305 684 385 Prolegomena.
969 305 1031 368 137

43 398 49 429 Γ

43 468 45 521 l
189 482 281 544 unius
309 481 408 544 totius
438 480 602 562 alphabeti
631 489 664 545 et
692 483 822 545 alterius
850 482 1033 563 duplicibus

43 560 46 591 ²
188 570 285 643 literis
308 576 378 633 tam
399 570 581 633 uncialibus
602 591 702 651 quam
725 571 916 634 minusculis
930 572 1031 651 signa·

43 634 46 665 ι
188 666 236 721 tae
259 664 345 721 sunt.
392 657 539 721 Secunda
567 666 600 723 et
627 660 743 723 ultima
771 661 890 741 pagina
914 679 1034 724 vacuae

188 748 543 917 intitulati?
542 747 691 917 Ἥ
699 749 1033 918 111ῗὲἓὲᾞὲῗέ

186 926 310 988 manico
325 924 475 1001 reddidit,
500 926 632 987 omnino
655 925 745 989 deest
766 927 802 988 in
817 932 926 989 nostro
940 926 1031 989 libro

186 1013 343 1077 Praefatio
372 1034 446 1078 vero
475 1014 613 1077 versioni
642 1015 818 1095 praemissa
844 1016 907 1077 hac
932 1014 1034 1078 utitur

146 1156 148 1164 ,
186 1103 409 1185 inscriptione:
427 1154 432 1161 .
448 1101 575 1169 nocete
612 1102 675 1185 αιῐῇ
710 1103 764 1168 beu
799 1101 862 1183 lito
895 1099 902 1185 Ι
935 1102 1034 1184 phetes

187 1190 255 1263 Soet
276 1202 291 1272 J
312 1188 412 1271 muttit
435 1189 551 1257 tuente
572 1188 578 1274 Ι
597 1207 649 1257 otu
671 1204 728 1258 oon
742 1190 903 1275 linteati.
923 1187 929 1276 1
949 1191 1033 1258 dato

190 1278 298 1344 1553!
357 1280 398 1342 In
435 1280 498 1343 ista
541 1280 710 1362 episcopus
754 1281 1033 1344 lutheranissimus

189 1388 284 1448 quern
309 1368 424 1431 dicunt
451 1368 521 1450 pari
543 1369 641 1431 modo
670 1390 707 1432 ac
729 1370 826 1433 Vitus
848 1370 1034 1433 Theodorus

188 1458 225 1519 de
254 1456 394 1539 peccatis
424 1458 475 1520 sui
503 1459 658 1539 temporis
685 1458 727 1520 ad
748 1459 873 1522 caelum
896 1459 1032 1522 claman-

52 1556 57 1567 '
186 1546 271 1609 tibus
294 1544 390 1610 etde
412 1546 690 1627 perniciosissimis
705 1547 888 1627 aequalium
906 1567 1031 1628 persua·

188 1635 331 1697 sionibus
369 1640 403 1697 et
438 1634 590 1698 doctrinis
628 1635 807 1699 deterrimis
843 1638 1031 1717 prophetat,

186 1722 363 1787 lutherum
388 1723 522 1786 unicum
544 1744 658 1787 verum
683 1726 875 1806 prophetam
901 1731 934 1787 et
955 1724 1032 1788 divi·

188 1812 272 1875 nitus
301 1811 508 1893 potissimum
537 1812 579 1875 ad
605 1813 668 1876 hoc
696 1814 858 1877 letiferum
885 1812 1032 1875 Christia-

188 1920 320 1963 norum.
353 1900 510 1963 damnum
562 1901 739 1964 arcendum
782 1920 851 1964 esse
896 1901 1033 1963 missum

189 1988 360 2051 declarans.
406 1988 495 2052 Inter
517 2009 629 2053 omnes
652 2010 733 2070 quos
762 1989 865 2052 reiicit
891 1990 1032 2051 maxime

188 2078 443 2158 anaphoricus,
474 2076 799 2154 Schwenckfeldium,
827 2077 1031 2155 Osiandrum‚

189 2166 358 2246 Georgium
370 2166 525 2229 Maiorem
540 2186 715 2247 eorumque
726 2167 862 2229 asseclas
876 2165 1032 2230 invadens

189 2256 376 2334 aggreditur,
393 2254 703 2318 Schwenckfeldium
718 2256 848 2320 nonnisi
862 2255 1031 2319 Stencken-

189 2342 264 2407 feldt
287 2349 320 2407 et
342 2362 485 2407 crassum
508 2344 635 2406 asinum
659 2351 693 2408 et
705 2345 835 2408 Maioris
852 2344 1032 2407 doctrinam

188 2432 315 2495 nonnisi
329 2432 422 2512 quasi
436 2432 584 2495 haeresin
599 2433 811 2514 pelagianam,
835 2434 1031 2514 sacrilegam,

187 2520 408 2583 monachicam
430 2526 464 2583 et
485 2519 663 2602 hepticam,
693 2522 728 2585 id
757 2529 807 2585 est
828 2523 1030 2604 papisticam‚

188 2608 384 2691 apertissime
413 2615 526 2672 contra
547 2610 682 2673 verbum
703 2610 851 2675 divinum
878 2618 974 2692 atque
996 2612 1032 2673 in

189 2698 326 2779 speciem
348 2698 515 2779 paulinam
537 2707 738 2779 pugnantem
760 2699 924 2776 deferens,
948 2719 1032 2763 coar·

136 2840 138 2843 ·
189 2806 291 2937 dell
310 2793 647 2955 institisti
684 2872 820 2943 assa
848 2890 882 2957 a
903 2874 1035 2957 ants

167 2962 264 3043 ‘truria
285 2961 289 3047 Ι
309 2962 453 3045 &ethos
475 2960 631 3047 ditatura

114 3046 159 3110 IV.
187 3050 316 3115 Latinae
338 3050 489 3115 editionis
511 3058 698 3117 contextum
721 3052 823 3116 editor
838 3052 1032 3116 collectionis

189 3138 494 3221 Vuittembergensis
532 3142 567 3203 in
605 3148 731 3205 tomum
767 3142 824 3205 IV.
858 3142 1033 3204 latinorum

189 3226 317 3291 Lutheri
340 3248 474 3311 operum
496 3229 628 3309 redegit,
653 3231 711 3293 ubi
732 3230 809 3293 inde
832 3251 852 3293 a
873 3230 951 3293 folio
967 3231 1031 3295 481

190 3317 297 3395 (recto)
320 3318 363 3380 ad
377 3337 479 3398 usque
491 3318 610 3381 lolium
627 3319 691 3382 518
706 3319 861 3399 (versum)
876 3339 943 3382 una
958 3340 1033 3382 cum

190 3405 385 3484 praefatione
402 3407 476 3469 ,Viti
497 3407 657 3471 Theodori
684 3408 849 3489 reperitur.
897 3408 1034 3471 Carmen

191 3500 335 3571 graecum
364 3513 537 3575 versusque
567 3502 599 3559 et
627 3496 867 3579 apocalypticus
897 3504 930 3581 et
951 3499 1032 3579 psal-

190 3582 288 3645 micus
311 3583 437 3647 desunt.
717 3587 722 3592 ”

188 3669 225 3731 ln
253 3672 444 3736 collectionis
473 3672 617 3736 lenensis
651 3681 739 3738 tomo
768 3675 824 3738 IV.
859 3672 1033 3735 latinorum

192 3777 320 3839 operum
348 3760 481 3825 Lutheri
514 3764 667 3844 repetitus
702 3770 751 3827 est
784 3759 1033 3850 commentarius
