2584 4267
394 287 522 352 518
1155 310 1162 329 ·
1202 285 1446 349 Abdias

728 464 815 526 Et
856 463 1183 527 timebunt
1225 462 1422 526 fortes
1466 461 1566 526 tui
1610 461 1920 526 Theman.

570 570 861 634 Rectius:
931 569 1153 652 pavidi
1207 575 1398 633 erunt
1452 568 1649 631 fortes
1693 568 1822 645 tui,
1884 566 2112 650 flutfjtig
2168 570 2281 634 nub

395 654 696 739 fcbttttetn¹
751 659 989 724 methen-
1065 658 1402 738 Significat
1442 657 1623 719 enim
1665 658 1920 739 proprie
1968 678 2281 738 pavorem

389 748 604 824 illum,
688 749 803 827 qui
871 748 1032 811 solet
1084 746 1388 810 invadere
1447 746 1803 810 exercitum
1860 746 2144 826 aliquem
2205 750 2278 810 in

388 835 558 900 bello
589 835 1080 912 concidendum,
1130 835 1392 915 quando
1423 834 1666 898 scilicet
1694 854 1828 896 non
1856 834 2100 910 vident
2144 854 2281 914 qua

389 924 685 988 evadant.
778 925 865 1000 Et
908 885 1085 1004 quod
1139 924 1211 987 in
1270 929 1493 988 nostra
1534 924 1952 986 translatinne
2000 922 2277 1002 adlisus*

389 1013 525 1075 tivo
548 1012 811 1075 nomine
824 1013 1152 1076 redditum
1174 1019 1291 1089 est,
1317 1012 1576 1095 proprio
1599 1011 1860 1074 nomine
1876 1014 2000 1090 legi
2024 1010 2285 1074 debet*

388 1101 469 1163 In
515 1100 872 1180 Theman.†
954 1101 1060 1164 Sic
1119 1103 1297 1164 enim
1355 1107 1593 1165 terram
1646 1101 1840 1164 istam
1884 1106 2100 1174 vocat,
2172 1102 2281 1162 nui

391 1210 432 1250 a
475 1208 592 1252 suo
638 1191 902 1254 nomine
965 1186 1070 1273 (ut
1125 1192 1334 1254 solent
1387 1189 1712 1272 principes
1772 1195 1840 1252 et
1892 1210 2068 1270 reges
2116 1210 2281 1250 nnn-

389 1279 756 1358 nunquam)
814 1279 1139 1342 indiderat
1192 1293 1431 1343 nomen
1478 1279 1773 1340 Theman
1828 1286 2044 1358 nepos*
2076 1278 2277 1354 Essa,

388 1366 471 1429 de
517 1386 647 1447 quo
692 1374 792 1431 est
833 1368 905 1430 in
951 1369 1206 1431 Genesi.

733 1528 824 1589 Ut
866 1527 1139 1590 intereat
1182 1527 1280 1589 vir
1325 1525 1407 1589 de
1452 1526 1674 1590 monte
1720 1525 1912 1590 Esau

567 1633 647 1694 In
676 1633 982 1696 hebraeo:
1030 1652 1187 1715 prae
1217 1633 1608 1696 mactatione
1639 1638 1758 1696 etc.
1836 1634 1940 1694 Ita
1968 1634 2225 1706 saraba,
2241 1626 2265 1666 ³

388 1727 464 1784 ut
508 1721 863 1784 eradicetur
921 1721 1020 1785 vir
1079 1722 1162 1785 de
1219 1728 1441 1785 monte
1486 1722 1692 1797 Esau,
1754 1741 1888 1784 non
1944 1726 2281 1782 remaneat

388 1809 625 1889 aliquis
704 1816 1044 1892 superstes.
1176 1810 1515 1874 Caeterum
1591 1810 1663 1872 in
1736 1810 2012 1872 hebraeo
2080 1810 2277 1890 longe

388 1899 856 1978 significantius
931 1905 1030 1963 est
1045 1949 1059 1974 ‚
1139 1919 1340 1980 quam
1412 1904 1489 1961 ut
1540 1899 1749 1980 possit
1808 1898 2144 1962 commode
2205 1902 2277 1958 in

387 1987 583 2049 aliam
626 1988 919 2069 linguam
956 1988 1353 2065 transfundi,
1403 2008 1466 2067 q.
1500 1980 1641 2049 d.⁸:
1692 1986 1779 2052 (53ss
1823 1986 1988 2066 miris]
2036 1986 2124 2066 fiis
2168 1998 2277 2070 sun

385 2074 550 2157 hanff
579 2074 758 2159 stegen
802 2077 911 2142 nub
940 2076 1102 2154 barti)
1133 2087 1237 2160 eun
1266 2075 1447 2159 hanff,
1494 2075 1864 2139 occidentur
1912 2074 2152 2158 passim
2200 2078 2277 2138 in

386 2165 657 2233 urbibus
703 2166 759 2228 si
805 2166 919 2245 qui
963 2163 1184 2229 volent
1223 2166 1549 2241 resistere,
1598 2170 1665 2227 et
1707 2164 1802 2227 sic
1844 2166 2104 2226 miseria
2144 2166 2277 2226 ista

385 2253 566 2315 clade
613 2249 1088 2374 conter5rentur⁴=
1139 2255 1239 2318 tui
1283 2253 1606 2344 sapientes
1635 2259 1711 2316 ut
1738 2274 1996 2334 prorsus
2040 2254 2269 2318 obbru-

387 2346 637 2406 tescant
681 2349 798 2406 etc.

944 2496 1093 2562 *In
1137 2499 1244 2562 die
1290 2520 1444 2564 cum
1488 2507 1707 2565 stares.

563 2604 743 2668 Haec
789 2612 888 2669 est
932 2626 1176 2683 caussa,
1223 2627 1341 2670 cur
1384 2607 1479 2670 ita
1522 2606 1817 2671 irascitur
1864 2606 1972 2670 eis.
2052 2610 2273 2686 Atque

382 2693 541 2756 hinc
584 2694 751 2757 clare
797 2701 993 2776 patet,
1040 2694 1111 2758 id
1156 2696 1335 2776 quod
1379 2695 1462 2759 de
1506 2701 1795 2777 tempore
1836 2698 2273 2778 prophetaefi

385 2781 526 2844 dixi
578 2783 764 2847 initio
817 2784 1012 2847 huius
1069 2785 1299 2868 capitis
1317 2832 1331 2860 ,
1403 2785 1579 2867 quod
1646 2785 2044 2866 prophetarit
2104 2786 2273 2850 eirca

384 2876 644 2954 tempus
689 2873 1080 2954 captivitatis
1125 2873 1573 2954 Babylonicae.

1113 3032 1507 3108 Exercitum,
1813 3113 1818 3121 ¹

385 3139 644 3201 Rectius
691 3137 1083 3201 facultatem.
1194 3138 1411 3219 Atque
1469 3138 1578 3201 hic
1628 3139 1809 3202 locus
1864 3158 1968 3202 me
2024 3149 2265 3214 movet,

566 3312 619 3379 ³¹⁸)
657 3311 809 3366 Vide
844 3313 1100 3367 Hierem.
1137 3311 1224 3365 49.
1299 3309 1383 3380 **)
1421 3312 1647 3381 Incipit.
1671 3328 1799 3379 pag.
1822 3310 2032 3366 XGVI.
2072 3310 2265 3366 Meci.

567 3470 622 3538 1)
659 3470 930 3540 faustas.
1001 3471 1056 3534 2)
1093 3472 1247 3525 Male
1282 3471 1423 3538 legit
1458 3472 1670 3526 editor:
1707 3431 1924 3527 iur‘aho.
1980 3470 2060 3544 7ιι)
2100 3470 2257 3526 affin*

383 3542 709 3611 germanica
726 3542 1159 3608 argumentatio.
1232 3540 1291 3610 4)
1318 3542 1810 3599 conterrebuntur.
1884 3542 1940 3610 fi)
1964 3542 2132 3598 deest
2156 3546 2241 3598 stc

381 3741 385 3747 -
561 3701 619 3768 †)
657 3701 932 3756 Theman.
1023 3699 1117 3768 ††)
1171 3700 1393 3756 Abdias
1442 3701 1592 3757 circa
1639 3706 1872 3772 tempus
1908 3702 2233 3770 eaptiwtati

333 3820 337 3825 .
382 3771 785 3839 Babylonicae.
