<?xml version="1.0" encoding="UTF-8"?>
<!DOCTYPE html PUBLIC "-//W3C//DTD XHTML 1.0 Transitional//EN"
    "http://www.w3.org/TR/xhtml1/DTD/xhtml1-transitional.dtd">
<html xmlns="http://www.w3.org/1999/xhtml" xml:lang="en" lang="en">
 <head>
  <title>
</title>
<meta http-equiv="Content-Type" content="text/html;charset=utf-8" />
  <meta name='ocr-system' content='tesseract 3.04.00' />
  <meta name='ocr-capabilities' content='ocr_page ocr_carea ocr_par ocr_line ocrx_word'/>
</head>
<body>
  <div class='ocr_page' id='page_1' title='image "./exegeticaoperal12luthgoog_0271.png"; bbox 0 0 2584 4267; ppageno 0'>
   <div class='ocr_carea' id='block_1_1' title="bbox 217 290 829 371">
    <p class='ocr_par' dir='ltr' id='par_1_1' title="bbox 217 290 829 371">
     <span class='ocr_line' id='line_1_1' title="bbox 217 290 829 371; baseline -0.005 -14"><span class='ocrx_word' id='word_1_1' title='bbox 217 293 282 358; x_wconf 82' lang='lat'><strong>260</strong></span> <span class='ocrx_word' id='word_1_2' title='bbox 557 291 662 371; x_wconf 85' lang='lat' dir='ltr'><strong>Caput</strong></span> <span class='ocrx_word' id='word_1_3' title='bbox 684 290 829 354; x_wconf 81' lang='lat' dir='ltr'><strong>tertium</strong></span> 
     </span>
    </p>
   </div>
   <div class='ocr_carea' id='block_1_2' title="bbox 215 466 1236 2762">
    <p class='ocr_par' dir='ltr' id='par_1_2' title="bbox 215 466 1169 1611">
     <span class='ocr_line' id='line_1_2' title="bbox 216 466 1169 548; baseline -0.003 -15"><span class='ocrx_word' id='word_1_4' title='bbox 216 470 259 533; x_wconf 84' lang='lat' dir='ltr'><strong>ad</strong></span> <span class='ocrx_word' id='word_1_5' title='bbox 286 467 501 534; x_wconf 80' lang='lat' dir='ltr'><strong>eonscientiae</strong></span> <span class='ocrx_word' id='word_1_6' title='bbox 530 467 673 532; x_wconf 88' lang='lat' dir='ltr'><strong>dolorem</strong></span> <span class='ocrx_word' id='word_1_7' title='bbox 703 474 735 531; x_wconf 90' lang='lat' dir='ltr'><strong>et</strong></span> <span class='ocrx_word' id='word_1_8' title='bbox 766 466 931 546; x_wconf 82' lang='lat' dir='ltr'><strong>angustias</strong></span> <span class='ocrx_word' id='word_1_9' title='bbox 947 491 949 494; x_wconf 93' lang='lat'>·</span> <span class='ocrx_word' id='word_1_10' title='bbox 965 466 1169 548; x_wconf 70' lang='lat' dir='ltr'>pingendae,</span> 
     </span>
     <span class='ocr_line' id='line_1_3' title="bbox 216 555 1169 639; baseline -0.005 -15"><span class='ocrx_word' id='word_1_11' title='bbox 216 556 443 639; x_wconf 85' lang='lat' dir='ltr'><strong>oonspieientis</strong></span> <span class='ocrx_word' id='word_1_12' title='bbox 465 555 694 637; x_wconf 75' lang='lat' dir='ltr'><strong>indignitatem</strong></span> <span class='ocrx_word' id='word_1_13' title='bbox 717 561 750 620; x_wconf 92' lang='lat' dir='ltr'><strong>et</strong></span> <span class='ocrx_word' id='word_1_14' title='bbox 762 561 896 636; x_wconf 84' lang='lat' dir='ltr'><strong>peecata</strong></span> <span class='ocrx_word' id='word_1_15' title='bbox 911 575 979 618; x_wconf 88' lang='lat' dir='ltr'><strong>sua.</strong></span> <span class='ocrx_word' id='word_1_16' title='bbox 1016 557 1056 617; x_wconf 92' lang='lat' dir='ltr'><strong>In</strong></span> <span class='ocrx_word' id='word_1_17' title='bbox 1070 557 1169 621; x_wconf 77' lang='lat' dir='ltr'><strong>hane</strong></span> 
     </span>
     <span class='ocr_line' id='line_1_4' title="bbox 216 644 1162 725; baseline -0.004 -13"><span class='ocrx_word' id='word_1_18' title='bbox 216 647 333 712; x_wconf 87' lang='lat' dir='ltr'><strong>vallem</strong></span> <span class='ocrx_word' id='word_1_19' title='bbox 358 665 438 710; x_wconf 76' lang='lat' dir='ltr'><strong>,oum</strong></span> <span class='ocrx_word' id='word_1_20' title='bbox 466 651 578 725; x_wconf 85' lang='lat' dir='ltr'><strong>gentes</strong></span> <span class='ocrx_word' id='word_1_21' title='bbox 607 649 736 708; x_wconf 84' lang='lat' dir='ltr'><strong>ooaetae</strong></span> <span class='ocrx_word' id='word_1_22' title='bbox 764 650 857 720; x_wconf 86' lang='lat' dir='ltr'><strong>sunt,</strong></span> <span class='ocrx_word' id='word_1_23' title='bbox 895 644 958 707; x_wconf 89' lang='lat' dir='ltr'><strong>hoo</strong></span> <span class='ocrx_word' id='word_1_24' title='bbox 986 651 1048 720; x_wconf 87' lang='lat' dir='ltr'><strong>est,</strong></span> <span class='ocrx_word' id='word_1_25' title='bbox 1080 648 1162 708; x_wconf 87' lang='lat' dir='ltr'><strong>oum</strong></span> 
     </span>
     <span class='ocr_line' id='line_1_5' title="bbox 216 731 1163 816; baseline -0.002 -18"><span class='ocrx_word' id='word_1_26' title='bbox 216 735 349 816; x_wconf 82' lang='lat' dir='ltr'><strong>spiritus</strong></span> <span class='ocrx_word' id='word_1_27' title='bbox 371 739 502 801; x_wconf 79' lang='lat' dir='ltr'><strong>sanetus</strong></span> <span class='ocrx_word' id='word_1_28' title='bbox 524 754 582 816; x_wconf 89' lang='lat' dir='ltr'><strong>per</strong></span> <span class='ocrx_word' id='word_1_29' title='bbox 604 732 792 813; x_wconf 79' lang='lat' dir='ltr'><strong>evangelion</strong></span> <span class='ocrx_word' id='word_1_30' title='bbox 807 731 970 796; x_wconf 90' lang='lat' dir='ltr'><strong>mundum</strong></span> <span class='ocrx_word' id='word_1_31' title='bbox 988 733 1093 813; x_wconf 86' lang='lat' dir='ltr'><strong>arguit</strong></span> <span class='ocrx_word' id='word_1_32' title='bbox 1116 733 1163 796; x_wconf 88' lang='lat' dir='ltr'><strong>de</strong></span> 
     </span>
     <span class='ocr_line' id='line_1_6' title="bbox 216 820 1165 905; baseline -0.002 -19"><span class='ocrx_word' id='word_1_33' title='bbox 216 829 362 905; x_wconf 81' lang='lat' dir='ltr'><strong>peceato,</strong></span> <span class='ocrx_word' id='word_1_34' title='bbox 401 821 442 885; x_wconf 92' lang='lat' dir='ltr'><strong>de</strong></span> <span class='ocrx_word' id='word_1_35' title='bbox 479 823 603 886; x_wconf 88' lang='lat' dir='ltr'><strong>iustitia</strong></span> <span class='ocrx_word' id='word_1_36' title='bbox 640 829 673 884; x_wconf 89' lang='lat' dir='ltr'><strong>et</strong></span> <span class='ocrx_word' id='word_1_37' title='bbox 710 821 838 884; x_wconf 83' lang='lat' dir='ltr'><strong>iudicio</strong></span> <span class='ocrx_word' id='word_1_38' title='bbox 892 820 974 884; x_wconf 83' lang='lat' dir='ltr'><strong>Cum</strong></span> <span class='ocrx_word' id='word_1_39' title='bbox 1012 821 1165 890; x_wconf 85' lang='lat' dir='ltr'><strong>sentiunt</strong></span> 
     </span>
     <span class='ocr_line' id='line_1_7' title="bbox 217 909 1162 993; baseline -0.003 -18"><span class='ocrx_word' id='word_1_40' title='bbox 217 912 320 975; x_wconf 89' lang='lat' dir='ltr'><strong>animi</strong></span> <span class='ocrx_word' id='word_1_41' title='bbox 340 911 465 993; x_wconf 74' lang='lat' dir='ltr'><strong>porcas</strong></span> <span class='ocrx_word' id='word_1_42' title='bbox 486 929 585 987; x_wconf 89' lang='lat' dir='ltr'><strong>onus,</strong></span> <span class='ocrx_word' id='word_1_43' title='bbox 605 915 692 974; x_wconf 82' lang='lat' dir='ltr'><strong>&#39;eum</strong></span> <span class='ocrx_word' id='word_1_44' title='bbox 718 910 890 992; x_wconf 90' lang='lat' dir='ltr'><strong>desperant</strong></span> <span class='ocrx_word' id='word_1_45' title='bbox 912 909 953 972; x_wconf 93' lang='lat' dir='ltr'><strong>de</strong></span> <span class='ocrx_word' id='word_1_46' title='bbox 976 909 1102 974; x_wconf 86' lang='lat' dir='ltr'><strong>iustitia</strong></span> <span class='ocrx_word' id='word_1_47' title='bbox 1126 916 1162 972; x_wconf 86' lang='lat' dir='ltr'><strong>et</strong></span> 
     </span>
     <span class='ocr_line' id='line_1_8' title="bbox 216 999 1160 1079; baseline -0.003 -16"><span class='ocrx_word' id='word_1_48' title='bbox 216 1007 328 1063; x_wconf 85' lang='lat' dir='ltr'><strong>eontra</strong></span> <span class='ocrx_word' id='word_1_49' title='bbox 352 999 510 1066; x_wconf 79' lang='lat' dir='ltr'><strong>iudicium</strong></span> <span class='ocrx_word' id='word_1_50' title='bbox 540 999 594 1063; x_wconf 92' lang='lat' dir='ltr'><strong>dei</strong></span> <span class='ocrx_word' id='word_1_51' title='bbox 623 1019 659 1062; x_wconf 90' lang='lat' dir='ltr'><strong>se</strong></span> <span class='ocrx_word' id='word_1_52' title='bbox 687 999 770 1062; x_wconf 89' lang='lat' dir='ltr'><strong>tueri</strong></span> <span class='ocrx_word' id='word_1_53' title='bbox 795 1018 866 1061; x_wconf 86' lang='lat' dir='ltr'><strong>non</strong></span> <span class='ocrx_word' id='word_1_54' title='bbox 895 1005 1051 1079; x_wconf 75' lang='lat' dir='ltr'>possunt,</span> <span class='ocrx_word' id='word_1_55' title='bbox 1085 1005 1160 1060; x_wconf 88' lang='lat' dir='ltr'><strong>tum</strong></span> 
     </span>
     <span class='ocr_line' id='line_1_9' title="bbox 216 1086 1159 1170; baseline 0 -18"><span class='ocrx_word' id='word_1_56' title='bbox 216 1089 378 1165; x_wconf 85' lang='lat' dir='ltr'><strong>dominus,</strong></span> <span class='ocrx_word' id='word_1_57' title='bbox 401 1088 511 1168; x_wconf 87' lang='lat' dir='ltr'><strong>inquit</strong></span> <span class='ocrx_word' id='word_1_58' title='bbox 531 1089 698 1170; x_wconf 90' lang='lat' dir='ltr'><strong>propheta,</strong></span> <span class='ocrx_word' id='word_1_59' title='bbox 723 1086 888 1163; x_wconf 80' lang='lat' dir='ltr'><strong>iudicabit,</strong></span> <span class='ocrx_word' id='word_1_60' title='bbox 912 1107 980 1152; x_wconf 89' lang='lat' dir='ltr'><strong>non</strong></span> <span class='ocrx_word' id='word_1_61' title='bbox 993 1086 1061 1150; x_wconf 90' lang='lat' dir='ltr'><strong>irae</strong></span> <span class='ocrx_word' id='word_1_62' title='bbox 1076 1087 1159 1152; x_wconf 91' lang='lat' dir='ltr'><strong>iudi·</strong></span> 
     </span>
     <span class='ocr_line' id='line_1_10' title="bbox 216 1175 1162 1258; baseline -0.002 -17"><span class='ocrx_word' id='word_1_63' title='bbox 216 1178 319 1254; x_wconf 85' lang='lat' dir='ltr'><strong>oinm,</strong></span> <span class='ocrx_word' id='word_1_64' title='bbox 352 1196 416 1257; x_wconf 91' lang='lat' dir='ltr'><strong>quo</strong></span> <span class='ocrx_word' id='word_1_65' title='bbox 447 1177 644 1240; x_wconf 73' lang='lat' dir='ltr'>damnantur</span> <span class='ocrx_word' id='word_1_66' title='bbox 665 1181 813 1258; x_wconf 87' lang='lat' dir='ltr'><strong>peooata,</strong></span> <span class='ocrx_word' id='word_1_67' title='bbox 842 1175 900 1241; x_wconf 86' lang='lat' dir='ltr'><strong>sed</strong></span> <span class='ocrx_word' id='word_1_68' title='bbox 922 1175 1059 1256; x_wconf 89' lang='lat' dir='ltr'><strong>gratiae,</strong></span> <span class='ocrx_word' id='word_1_69' title='bbox 1092 1195 1162 1254; x_wconf 88' lang='lat' dir='ltr'><strong>quo</strong></span> 
     </span>
     <span class='ocr_line' id='line_1_11' title="bbox 216 1261 1162 1347; baseline -0.005 -17"><span class='ocrx_word' id='word_1_70' title='bbox 216 1267 426 1330; x_wconf 88' lang='lat' dir='ltr'><strong>remittuntur</strong></span> <span class='ocrx_word' id='word_1_71' title='bbox 448 1272 589 1347; x_wconf 79' lang='lat' dir='ltr'><strong>peecata.</strong></span> <span class='ocrx_word' id='word_1_72' title='bbox 633 1261 850 1344; x_wconf 80' lang='lat' dir='ltr'><strong>¹Evangelion</strong></span> <span class='ocrx_word' id='word_1_73' title='bbox 865 1264 953 1326; x_wconf 90' lang='lat' dir='ltr'><strong>enim</strong></span> <span class='ocrx_word' id='word_1_74' title='bbox 968 1264 1015 1326; x_wconf 86' lang='lat' dir='ltr'><strong>sio</strong></span> <span class='ocrx_word' id='word_1_75' title='bbox 1030 1264 1162 1326; x_wconf 89' lang='lat' dir='ltr'><strong>territas</strong></span> 
     </span>
     <span class='ocr_line' id='line_1_12' title="bbox 215 1352 1162 1438; baseline -0.003 -20"><span class='ocrx_word' id='word_1_76' title='bbox 215 1361 341 1418; x_wconf 88' lang='lat' dir='ltr'><strong>mentes</strong></span> <span class='ocrx_word' id='word_1_77' title='bbox 375 1355 578 1430; x_wconf 67' lang='lat' dir='ltr'><strong>,oonsolntun</strong></span> <span class='ocrx_word' id='word_1_78' title='bbox 623 1353 710 1438; x_wconf 91' lang='lat' dir='ltr'><strong>quod</strong></span> <span class='ocrx_word' id='word_1_79' title='bbox 756 1352 842 1416; x_wconf 89' lang='lat' dir='ltr'><strong>filius</strong></span> <span class='ocrx_word' id='word_1_80' title='bbox 880 1352 934 1414; x_wconf 89' lang='lat' dir='ltr'><strong>dei</strong></span> <span class='ocrx_word' id='word_1_81' title='bbox 971 1352 1014 1416; x_wconf 87' lang='lat' dir='ltr'><strong>sit</strong></span> <span class='ocrx_word' id='word_1_82' title='bbox 1050 1352 1162 1415; x_wconf 83' lang='lat' dir='ltr'><strong>iaetus</strong></span> 
     </span>
     <span class='ocr_line' id='line_1_13' title="bbox 216 1441 1164 1524; baseline -0.002 -19"><span class='ocrx_word' id='word_1_83' title='bbox 216 1442 347 1506; x_wconf 86' lang='lat' dir='ltr'><strong>victima</strong></span> <span class='ocrx_word' id='word_1_84' title='bbox 375 1461 434 1523; x_wconf 90' lang='lat' dir='ltr'><strong>pro</strong></span> <span class='ocrx_word' id='word_1_85' title='bbox 464 1443 604 1524; x_wconf 85' lang='lat' dir='ltr'><strong>paooatis</strong></span> <span class='ocrx_word' id='word_1_86' title='bbox 632 1449 666 1506; x_wconf 92' lang='lat' dir='ltr'><strong>et</strong></span> <span class='ocrx_word' id='word_1_87' title='bbox 693 1461 752 1507; x_wconf 88' lang='lat' dir='ltr'><strong>sua</strong></span> <span class='ocrx_word' id='word_1_88' title='bbox 773 1446 877 1506; x_wconf 89' lang='lat' dir='ltr'><strong>morte</strong></span> <span class='ocrx_word' id='word_1_89' title='bbox 899 1441 992 1504; x_wconf 88' lang='lat' dir='ltr'><strong>nobis</strong></span> <span class='ocrx_word' id='word_1_90' title='bbox 1019 1442 1164 1510; x_wconf 72' lang='lat' dir='ltr'><strong>reconoi-</strong></span> 
     </span>
     <span class='ocr_line' id='line_1_14' title="bbox 215 1531 574 1611; baseline 0.006 -17"><span class='ocrx_word' id='word_1_91' title='bbox 215 1531 342 1595; x_wconf 82' lang='lat' dir='ltr'><strong>lisverit</strong></span> <span class='ocrx_word' id='word_1_92' title='bbox 364 1537 490 1611; x_wconf 84' lang='lat' dir='ltr'><strong>patrem</strong></span> <span class='ocrx_word' id='word_1_93' title='bbox 513 1536 574 1596; x_wconf 84' lang='lat' dir='ltr'><strong>eto.</strong></span> 
     </span>
    </p>

    <p class='ocr_par' dir='ltr' id='par_1_3' title="bbox 215 1617 1236 2762">
     <span class='ocr_line' id='line_1_15' title="bbox 305 1617 1163 1700; baseline -0.002 -18"><span class='ocrx_word' id='word_1_94' title='bbox 305 1617 370 1682; x_wconf 83' lang='lat' dir='ltr'><strong>Sed</strong></span> <span class='ocrx_word' id='word_1_95' title='bbox 401 1618 501 1681; x_wconf 89' lang='lat' dir='ltr'><strong>huius</strong></span> <span class='ocrx_word' id='word_1_96' title='bbox 532 1619 683 1682; x_wconf 79' lang='lat' dir='ltr'><strong>beneficii</strong></span> <span class='ocrx_word' id='word_1_97' title='bbox 715 1623 785 1682; x_wconf 88' lang='lat' dir='ltr'><strong>tam</strong></span> <span class='ocrx_word' id='word_1_98' title='bbox 822 1619 922 1700; x_wconf 83' lang='lat' dir='ltr'><strong>ampli</strong></span> <span class='ocrx_word' id='word_1_99' title='bbox 959 1637 1042 1698; x_wconf 90' lang='lat' dir='ltr'><strong>quae</strong></span> <span class='ocrx_word' id='word_1_100' title='bbox 1080 1623 1163 1681; x_wconf 90' lang='lat' dir='ltr'><strong>sunt</strong></span> 
     </span>
     <span class='ocr_line' id='line_1_16' title="bbox 217 1706 1160 1789; baseline -0.001 -18"><span class='ocrx_word' id='word_1_101' title='bbox 217 1727 332 1771; x_wconf 79' lang='lat' dir='ltr'><strong>causae</strong></span> <span class='ocrx_word' id='word_1_102' title='bbox 366 1727 423 1772; x_wconf 90' lang='lat' dir='ltr'><strong>seu</strong></span> <span class='ocrx_word' id='word_1_103' title='bbox 456 1708 594 1772; x_wconf 79' lang='lat' dir='ltr'><strong>merita?</strong></span> <span class='ocrx_word' id='word_1_104' title='bbox 638 1707 747 1770; x_wconf 50' lang='lat' dir='ltr'><strong>Nulla¹</strong></span> <span class='ocrx_word' id='word_1_105' title='bbox 772 1726 916 1789; x_wconf 85' lang='lat' dir='ltr'><strong>prorsus,</strong></span> <span class='ocrx_word' id='word_1_106' title='bbox 956 1706 1012 1769; x_wconf 90' lang='lat' dir='ltr'><strong>sed</strong></span> <span class='ocrx_word' id='word_1_107' title='bbox 1046 1707 1160 1788; x_wconf 88' lang='lat' dir='ltr'><strong>potius</strong></span> 
     </span>
     <span class='ocr_line' id='line_1_17' title="bbox 216 1794 1162 1876; baseline -0.001 -17"><span class='ocrx_word' id='word_1_108' title='bbox 216 1797 375 1860; x_wconf 91' lang='lat' dir='ltr'><strong>demerita</strong></span> <span class='ocrx_word' id='word_1_109' title='bbox 410 1796 570 1876; x_wconf 87' lang='lat' dir='ltr'><strong>ingentia,</strong></span> <span class='ocrx_word' id='word_1_110' title='bbox 610 1815 693 1876; x_wconf 90' lang='lat' dir='ltr'><strong>quae</strong></span> <span class='ocrx_word' id='word_1_111' title='bbox 732 1797 861 1860; x_wconf 88' lang='lat' dir='ltr'><strong>aeterna</strong></span> <span class='ocrx_word' id='word_1_112' title='bbox 898 1815 983 1858; x_wconf 85' lang='lat' dir='ltr'><strong>mors</strong></span> <span class='ocrx_word' id='word_1_113' title='bbox 1018 1794 1162 1858; x_wconf 88' lang='lat' dir='ltr'><strong>debebat</strong></span> 
     </span>
     <span class='ocr_line' id='line_1_18' title="bbox 217 1883 1159 1966; baseline -0.002 -18"><span class='ocrx_word' id='word_1_114' title='bbox 217 1886 317 1966; x_wconf 89' lang='lat' dir='ltr'><strong>sequi.</strong></span> <span class='ocrx_word' id='word_1_115' title='bbox 364 1885 528 1965; x_wconf 87' lang='lat' dir='ltr'><strong>Benignus</strong></span> <span class='ocrx_word' id='word_1_116' title='bbox 562 1891 672 1947; x_wconf 88' lang='lat' dir='ltr'><strong>autem</strong></span> <span class='ocrx_word' id='word_1_117' title='bbox 706 1891 739 1948; x_wconf 88' lang='lat' dir='ltr'><strong>et</strong></span> <span class='ocrx_word' id='word_1_118' title='bbox 772 1884 951 1947; x_wconf 70' lang='lat' dir='ltr'><strong>misericors</strong></span> <span class='ocrx_word' id='word_1_119' title='bbox 981 1883 1076 1946; x_wconf 84' lang='lat' dir='ltr'><strong>deus&#39;</strong></span> <span class='ocrx_word' id='word_1_120' title='bbox 1090 1905 1159 1946; x_wconf 92' lang='lat' dir='ltr'><strong>non</strong></span> 
     </span>
     <span class='ocr_line' id='line_1_19' title="bbox 216 1973 1160 2056; baseline -0.003 -18"><span class='ocrx_word' id='word_1_121' title='bbox 216 1975 286 2038; x_wconf 88' lang='lat' dir='ltr'><strong>vult</strong></span> <span class='ocrx_word' id='word_1_122' title='bbox 317 1980 456 2038; x_wconf 85' lang='lat' dir='ltr'><strong>mortem</strong></span> <span class='ocrx_word' id='word_1_123' title='bbox 489 1974 681 2056; x_wconf 83' lang='lat' dir='ltr'><strong>peccatoris,</strong></span> <span class='ocrx_word' id='word_1_124' title='bbox 720 1973 777 2036; x_wconf 91' lang='lat' dir='ltr'><strong>sed</strong></span> <span class='ocrx_word' id='word_1_125' title='bbox 814 1979 853 2035; x_wconf 89' lang='lat' dir='ltr'><strong>ut</strong></span> <span class='ocrx_word' id='word_1_126' title='bbox 889 1977 1091 2036; x_wconf 81' lang='lat' dir='ltr'><strong>convertatur</strong></span> <span class='ocrx_word' id='word_1_127' title='bbox 1124 1978 1160 2036; x_wconf 89' lang='lat' dir='ltr'><strong>et</strong></span> 
     </span>
     <span class='ocr_line' id='line_1_20' title="bbox 216 2056 1161 2142; baseline -0.001 -15"><span class='ocrx_word' id='word_1_128' title='bbox 216 2063 324 2129; x_wconf 55' lang='lat' dir='ltr'><strong>vivat(</strong></span> <span class='ocrx_word' id='word_1_129' title='bbox 357 2056 614 2126; x_wconf 74' lang='lat' dir='ltr'><strong>&#39;Commemorat</strong></span> <span class='ocrx_word' id='word_1_130' title='bbox 636 2068 746 2126; x_wconf 89' lang='lat' dir='ltr'><strong>autem</strong></span> <span class='ocrx_word' id='word_1_131' title='bbox 769 2060 925 2125; x_wconf 89' lang='lat' dir='ltr'><strong>demerita</strong></span> <span class='ocrx_word' id='word_1_132' title='bbox 947 2081 1003 2124; x_wconf 91' lang='lat' dir='ltr'><strong>seu</strong></span> <span class='ocrx_word' id='word_1_133' title='bbox 1026 2067 1161 2142; x_wconf 79' lang='lat' dir='ltr'><strong>peecata</strong></span> 
     </span>
     <span class='ocr_line' id='line_1_21' title="bbox 215 2149 1222 2234; baseline -0.001 -20"><span class='ocrx_word' id='word_1_134' title='bbox 215 2152 271 2214; x_wconf 89' lang='lat' dir='ltr'><strong>illa</strong></span> <span class='ocrx_word' id='word_1_135' title='bbox 300 2151 447 2232; x_wconf 89' lang='lat' dir='ltr'><strong>gentium</strong></span> <span class='ocrx_word' id='word_1_136' title='bbox 473 2152 643 2234; x_wconf 85' lang='lat' dir='ltr'><strong>propheta,</strong></span> <span class='ocrx_word' id='word_1_137' title='bbox 680 2149 768 2231; x_wconf 89' lang='lat' dir='ltr'><strong>qnod</strong></span> <span class='ocrx_word' id='word_1_138' title='bbox 801 2150 1029 2231; x_wconf 76' lang='lat' dir='ltr'><strong>dissipaverint</strong></span> <span class='ocrx_word' id='word_1_139' title='bbox 1055 2169 1158 2231; x_wconf 88' lang='lat' dir='ltr'><strong>popu·</strong></span> <span class='ocrx_word' id='word_1_140' title='bbox 1219 2177 1222 2182; x_wconf 42' lang='lat'>¹</span> 
     </span>
     <span class='ocr_line' id='line_1_22' title="bbox 215 2237 1158 2320; baseline -0.001 -19"><span class='ocrx_word' id='word_1_141' title='bbox 215 2241 286 2303; x_wconf 84' lang='lat' dir='ltr'><strong>lum</strong></span> <span class='ocrx_word' id='word_1_142' title='bbox 316 2239 386 2315; x_wconf 89' lang='lat' dir='ltr'><strong>dei,</strong></span> <span class='ocrx_word' id='word_1_143' title='bbox 416 2240 504 2320; x_wconf 92' lang='lat' dir='ltr'><strong>quod</strong></span> <span class='ocrx_word' id='word_1_144' title='bbox 535 2240 703 2303; x_wconf 82' lang='lat' dir='ltr'><strong>diviserint</strong></span> <span class='ocrx_word' id='word_1_145' title='bbox 731 2239 794 2302; x_wconf 88' lang='lat' dir='ltr'><strong>sibi</strong></span> <span class='ocrx_word' id='word_1_146' title='bbox 818 2245 938 2302; x_wconf 86' lang='lat' dir='ltr'><strong>terram</strong></span> <span class='ocrx_word' id='word_1_147' title='bbox 967 2237 1035 2314; x_wconf 87' lang='lat' dir='ltr'><strong>dei,</strong></span> <span class='ocrx_word' id='word_1_148' title='bbox 1068 2238 1158 2318; x_wconf 92' lang='lat' dir='ltr'><strong>quod</strong></span> 
     </span>
     <span class='ocr_line' id='line_1_23' title="bbox 216 2327 1190 2409; baseline -0.001 -18"><span class='ocrx_word' id='word_1_149' title='bbox 216 2327 420 2391; x_wconf 84' lang='lat' dir='ltr'><strong>vendiderint</strong></span> <span class='ocrx_word' id='word_1_150' title='bbox 470 2346 587 2409; x_wconf 88' lang='lat' dir='ltr'><strong>pueros</strong></span> <span class='ocrx_word' id='word_1_151' title='bbox 630 2347 691 2408; x_wconf 88' lang='lat' dir='ltr'><strong>pro</strong></span> <span class='ocrx_word' id='word_1_152' title='bbox 736 2327 808 2390; x_wconf 87' lang='lat' dir='ltr'><strong>oibo</strong></span> <span class='ocrx_word' id='word_1_153' title='bbox 853 2333 886 2390; x_wconf 90' lang='lat' dir='ltr'><strong>et</strong></span> <span class='ocrx_word' id='word_1_154' title='bbox 930 2327 1053 2408; x_wconf 88' lang='lat' dir='ltr'><strong>puellas</strong></span> <span class='ocrx_word' id='word_1_155' title='bbox 1078 2347 1190 2407; x_wconf 75' lang='lat' dir='ltr'><strong>,pro-</strong></span> 
     </span>
     <span class='ocr_line' id='line_1_24' title="bbox 216 2414 1236 2497; baseline -0.002 -17"><span class='ocrx_word' id='word_1_156' title='bbox 216 2416 303 2480; x_wconf 90' lang='lat' dir='ltr'><strong>vino.</strong></span> <span class='ocrx_word' id='word_1_157' title='bbox 363 2414 428 2477; x_wconf 82' lang='lat' dir='ltr'><strong>Hie</strong></span> <span class='ocrx_word' id='word_1_158' title='bbox 463 2416 607 2494; x_wconf 86' lang='lat' dir='ltr'><strong>primum</strong></span> <span class='ocrx_word' id='word_1_159' title='bbox 641 2416 775 2480; x_wconf 85' lang='lat' dir='ltr'><strong>observa</strong></span> <span class='ocrx_word' id='word_1_160' title='bbox 811 2419 1006 2497; x_wconf 77' lang='lat' dir='ltr'><strong>pronomen:</strong></span> <span class='ocrx_word' id='word_1_161' title='bbox 1035 2415 1158 2478; x_wconf 83' lang='lat' dir='ltr'><strong>&#39;Meum</strong></span> <span class='ocrx_word' id='word_1_162' title='bbox 1231 2483 1236 2490; x_wconf 67' lang='grc'>,</span> 
     </span>
     <span class='ocr_line' id='line_1_25' title="bbox 215 2503 1158 2585; baseline 0.001 -20"><span class='ocrx_word' id='word_1_163' title='bbox 215 2503 391 2585; x_wconf 86' lang='lat' dir='ltr'><strong>populum,</strong></span> <span class='ocrx_word' id='word_1_164' title='bbox 414 2521 522 2566; x_wconf 91' lang='lat' dir='ltr'><strong>meam</strong></span> <span class='ocrx_word' id='word_1_165' title='bbox 544 2509 673 2567; x_wconf 87' lang='lat' dir='ltr'><strong>terram.</strong></span> <span class='ocrx_word' id='word_1_166' title='bbox 719 2504 796 2568; x_wconf 75' lang='lat' dir='ltr'><strong>Fuit</strong></span> <span class='ocrx_word' id='word_1_167' title='bbox 823 2505 911 2567; x_wconf 91' lang='lat' dir='ltr'><strong>enim</strong></span> <span class='ocrx_word' id='word_1_168' title='bbox 939 2505 994 2566; x_wconf 91' lang='lat' dir='ltr'><strong>hio</strong></span> <span class='ocrx_word' id='word_1_169' title='bbox 1014 2504 1158 2585; x_wconf 82' lang='lat' dir='ltr'><strong>populns</strong></span> 
     </span>
     <span class='ocr_line' id='line_1_26' title="bbox 216 2590 1159 2673; baseline 0.001 -20"><span class='ocrx_word' id='word_1_170' title='bbox 216 2591 270 2653; x_wconf 90' lang='lat' dir='ltr'><strong>dei</strong></span> <span class='ocrx_word' id='word_1_171' title='bbox 291 2590 471 2673; x_wconf 80' lang='lat' dir='ltr'><strong>peculium,</strong></span> <span class='ocrx_word' id='word_1_172' title='bbox 501 2591 560 2672; x_wconf 91' lang='lat' dir='ltr'><strong>qui</strong></span> <span class='ocrx_word' id='word_1_173' title='bbox 582 2593 669 2655; x_wconf 86' lang='lat' dir='ltr'><strong>soln&#39;s</strong></span> <span class='ocrx_word' id='word_1_174' title='bbox 697 2593 814 2655; x_wconf 88' lang='lat' dir='ltr'><strong>habuit</strong></span> <span class='ocrx_word' id='word_1_175' title='bbox 836 2593 964 2656; x_wconf 87' lang='lat' dir='ltr'><strong>oracula</strong></span> <span class='ocrx_word' id='word_1_176' title='bbox 986 2592 1055 2669; x_wconf 91' lang='lat' dir='ltr'><strong>dei,</strong></span> <span class='ocrx_word' id='word_1_177' title='bbox 1085 2612 1159 2673; x_wconf 92' lang='lat' dir='ltr'><strong>pro·</strong></span> 
     </span>
     <span class='ocr_line' id='line_1_27' title="bbox 215 2679 1158 2762; baseline 0.003 -20"><span class='ocrx_word' id='word_1_178' title='bbox 215 2679 387 2743; x_wconf 89' lang='lat' dir='ltr'><strong>missiones</strong></span> <span class='ocrx_word' id='word_1_179' title='bbox 409 2686 442 2742; x_wconf 89' lang='lat' dir='ltr'><strong>et</strong></span> <span class='ocrx_word' id='word_1_180' title='bbox 464 2681 598 2744; x_wconf 86' lang='lat' dir='ltr'><strong>cultum.</strong></span> <span class='ocrx_word' id='word_1_181' title='bbox 635 2681 678 2744; x_wconf 79' lang='lat' dir='ltr'><strong>Et</strong></span> <span class='ocrx_word' id='word_1_182' title='bbox 692 2687 804 2744; x_wconf 86' lang='lat' dir='ltr'><strong>tamen</strong></span> <span class='ocrx_word' id='word_1_183' title='bbox 825 2683 914 2744; x_wconf 87' lang='lat' dir='ltr'><strong>huno</strong></span> <span class='ocrx_word' id='word_1_184' title='bbox 936 2699 1033 2744; x_wconf 85' lang='lat' dir='ltr'><strong>suum</strong></span> <span class='ocrx_word' id='word_1_185' title='bbox 1056 2701 1158 2762; x_wconf 91' lang='lat' dir='ltr'><strong>popu-</strong></span> 
     </span>
    </p>
   </div>
   <div class='ocr_carea' id='block_1_3' title="bbox 215 2768 1275 3294">
    <p class='ocr_par' dir='ltr' id='par_1_4' title="bbox 215 2768 1275 3294">
     <span class='ocr_line' id='line_1_28' title="bbox 215 2768 1275 2851; baseline 0.001 -20"><span class='ocrx_word' id='word_1_186' title='bbox 215 2770 284 2832; x_wconf 90' lang='lat' dir='ltr'><strong>lum</strong></span> <span class='ocrx_word' id='word_1_187' title='bbox 308 2768 415 2851; x_wconf 82' lang='lat' dir='ltr'><strong>abripi</strong></span> <span class='ocrx_word' id='word_1_188' title='bbox 436 2768 588 2834; x_wconf 90' lang='lat' dir='ltr'><strong>dominus</strong></span> <span class='ocrx_word' id='word_1_189' title='bbox 611 2789 726 2851; x_wconf 83' lang='lat' dir='ltr'><strong>pessus</strong></span> <span class='ocrx_word' id='word_1_190' title='bbox 749 2776 844 2833; x_wconf 90' lang='lat' dir='ltr'><strong>estet</strong></span> <span class='ocrx_word' id='word_1_191' title='bbox 867 2770 1016 2851; x_wconf 82' lang='lat' dir='ltr'><strong>occupari</strong></span> <span class='ocrx_word' id='word_1_192' title='bbox 1038 2776 1159 2832; x_wconf 88' lang='lat' dir='ltr'><strong>terram</strong></span> <span class='ocrx_word' id='word_1_193' title='bbox 1273 2769 1275 2844; x_wconf 73' lang='lat' dir='ltr'><strong>l</strong></span> 
     </span>
     <span class='ocr_line' id='line_1_29' title="bbox 216 2847 1275 2940; baseline 0 -20"><span class='ocrx_word' id='word_1_194' title='bbox 216 2858 295 2924; x_wconf 88' lang='lat' dir='ltr'><strong>eius.</strong></span> <span class='ocrx_word' id='word_1_195' title='bbox 342 2858 405 2922; x_wconf 76' lang='lat' dir='ltr'><strong>eur</strong></span> <span class='ocrx_word' id='word_1_196' title='bbox 434 2859 520 2922; x_wconf 83' lang='lat' dir='ltr'><strong>hoo?</strong></span> <span class='ocrx_word' id='word_1_197' title='bbox 569 2859 653 2932; x_wconf 82' lang='lat' dir='ltr'><strong>Quia</strong></span> <span class='ocrx_word' id='word_1_198' title='bbox 683 2865 893 2940; x_wconf 81' lang='lat' dir='ltr'><strong>peccaverant</strong></span> <span class='ocrx_word' id='word_1_199' title='bbox 920 2857 1158 2922; x_wconf 83' lang='lat' dir='ltr'><strong>contemnendo</strong></span> <span class='ocrx_word' id='word_1_200' title='bbox 1270 2847 1275 2880; x_wconf 65' lang='lat'><strong>⁴⁴</strong></span> 
     </span>
     <span class='ocr_line' id='line_1_30' title="bbox 215 2942 1275 3029; baseline -0.001 -19"><span class='ocrx_word' id='word_1_201' title='bbox 215 2949 350 3011; x_wconf 90' lang='lat' dir='ltr'><strong>verbum</strong></span> <span class='ocrx_word' id='word_1_202' title='bbox 373 2952 405 3010; x_wconf 90' lang='lat' dir='ltr'><strong>et</strong></span> <span class='ocrx_word' id='word_1_203' title='bbox 428 2942 630 3029; x_wconf 73' lang='lat' dir='ltr'><strong>prophetas.³</strong></span> <span class='ocrx_word' id='word_1_204' title='bbox 679 2948 769 3010; x_wconf 87' lang='lat' dir='ltr'><strong>Haeo</strong></span> <span class='ocrx_word' id='word_1_205' title='bbox 792 2966 889 3010; x_wconf 82' lang='lat' dir='ltr'><strong>eausa</strong></span> <span class='ocrx_word' id='word_1_206' title='bbox 910 2947 1086 3029; x_wconf 81' lang='lat' dir='ltr'><strong>praecipua</strong></span> <span class='ocrx_word' id='word_1_207' title='bbox 1108 2953 1160 3012; x_wconf 86' lang='lat' dir='ltr'><strong>est</strong></span> <span class='ocrx_word' id='word_1_208' title='bbox 1273 2983 1275 3020; x_wconf 51' lang='grc' dir='ltr'><strong>ς</strong></span> 
     </span>
     <span class='ocr_line' id='line_1_31' title="bbox 215 3031 1275 3117; baseline -0.001 -19"><span class='ocrx_word' id='word_1_209' title='bbox 215 3036 411 3100; x_wconf 81' lang='lat' dir='ltr'><strong>turbationis</strong></span> <span class='ocrx_word' id='word_1_210' title='bbox 432 3042 466 3098; x_wconf 91' lang='lat' dir='ltr'><strong>et</strong></span> <span class='ocrx_word' id='word_1_211' title='bbox 488 3036 663 3100; x_wconf 88' lang='lat' dir='ltr'><strong>eversionis</strong></span> <span class='ocrx_word' id='word_1_212' title='bbox 686 3037 921 3117; x_wconf 74' lang='lat' dir='ltr'><strong>imperiorum:</strong></span> <span class='ocrx_word' id='word_1_213' title='bbox 952 3037 1067 3115; x_wconf 82' lang='lat' dir='ltr'><strong>Itaque</strong></span> <span class='ocrx_word' id='word_1_214' title='bbox 1090 3055 1158 3098; x_wconf 91' lang='lat' dir='ltr'><strong>non</strong></span> <span class='ocrx_word' id='word_1_215' title='bbox 1273 3031 1275 3076; x_wconf 73' lang='lat'>²</span> 
     </span>
     <span class='ocr_line' id='line_1_32' title="bbox 215 3123 1275 3206; baseline 0 -20"><span class='ocrx_word' id='word_1_216' title='bbox 215 3125 370 3186; x_wconf 89' lang='lat' dir='ltr'><strong>miremur</strong></span> <span class='ocrx_word' id='word_1_217' title='bbox 402 3123 501 3187; x_wconf 87' lang='lat' dir='ltr'><strong>hodie</strong></span> <span class='ocrx_word' id='word_1_218' title='bbox 534 3145 662 3206; x_wconf 88' lang='lat' dir='ltr'><strong>qnoque</strong></span> <span class='ocrx_word' id='word_1_219' title='bbox 696 3125 819 3188; x_wconf 89' lang='lat' dir='ltr'><strong>moveri</strong></span> <span class='ocrx_word' id='word_1_220' title='bbox 855 3123 1019 3187; x_wconf 80' lang='lat' dir='ltr'><strong>inusitatis</strong></span> <span class='ocrx_word' id='word_1_221' title='bbox 1052 3123 1159 3188; x_wconf 87' lang='lat' dir='ltr'><strong>turbis</strong></span> <span class='ocrx_word' id='word_1_222' title='bbox 1273 3173 1275 3196; x_wconf 47' lang='lat'>2</span> 
     </span>
     <span class='ocr_line' id='line_1_33' title="bbox 216 3211 1275 3294; baseline 0 -20"><span class='ocrx_word' id='word_1_223' title='bbox 216 3211 434 3274; x_wconf 82' lang='lat' dir='ltr'><strong>Germaniam.</strong></span> <span class='ocrx_word' id='word_1_224' title='bbox 484 3213 549 3276; x_wconf 87' lang='lat' dir='ltr'><strong>Nos</strong></span> <span class='ocrx_word' id='word_1_225' title='bbox 579 3214 637 3294; x_wconf 90' lang='lat' dir='ltr'><strong>qui</strong></span> <span class='ocrx_word' id='word_1_226' title='bbox 664 3213 839 3276; x_wconf 88' lang='lat' dir='ltr'><strong>retinemus</strong></span> <span class='ocrx_word' id='word_1_227' title='bbox 867 3212 1056 3292; x_wconf 82' lang='lat' dir='ltr'><strong>evangelion</strong></span> <span class='ocrx_word' id='word_1_228' title='bbox 1090 3231 1158 3274; x_wconf 90' lang='lat' dir='ltr'><strong>non</strong></span> <span class='ocrx_word' id='word_1_229' title='bbox 1274 3289 1275 3292; x_wconf 8' lang='grc' dir='ltr'><strong>Ἴ</strong></span> 
     </span>
    </p>
   </div>
   <div class='ocr_carea' id='block_1_4' title="bbox 215 3299 1157 3382">
    <p class='ocr_par' dir='ltr' id='par_1_5' title="bbox 215 3299 1157 3382">
     <span class='ocr_line' id='line_1_34' title="bbox 215 3299 1157 3382; baseline 0.001 -21"><span class='ocrx_word' id='word_1_230' title='bbox 215 3299 262 3361; x_wconf 89' lang='lat' dir='ltr'><strong>sie</strong></span> <span class='ocrx_word' id='word_1_231' title='bbox 283 3300 442 3377; x_wconf 85' lang='lat' dir='ltr'><strong>viximus,</strong></span> <span class='ocrx_word' id='word_1_232' title='bbox 472 3306 511 3363; x_wconf 87' lang='lat' dir='ltr'><strong>ut</strong></span> <span class='ocrx_word' id='word_1_233' title='bbox 535 3321 657 3382; x_wconf 89' lang='lat' dir='ltr'><strong>poenas</strong></span> <span class='ocrx_word' id='word_1_234' title='bbox 688 3302 793 3365; x_wconf 87' lang='lat' dir='ltr'><strong>nullas</strong></span> <span class='ocrx_word' id='word_1_235' title='bbox 816 3301 1157 3382; x_wconf 87' lang='lat' dir='ltr'><strong>metuere-possimus.</strong></span> 
     </span>
    </p>
   </div>
   <div class='ocr_carea' id='block_1_5' title="bbox 215 3387 1275 3560">
    <p class='ocr_par' dir='ltr' id='par_1_6' title="bbox 215 3387 1275 3560">
     <span class='ocr_line' id='line_1_35' title="bbox 216 3387 1275 3472; baseline 0.002 -22"><span class='ocrx_word' id='word_1_236' title='bbox 216 3387 345 3460; x_wconf 82' lang='lat' dir='ltr'><strong>Quanta</strong></span> <span class='ocrx_word' id='word_1_237' title='bbox 377 3389 482 3466; x_wconf 86' lang='lat' dir='ltr'><strong>enim,</strong></span> <span class='ocrx_word' id='word_1_238' title='bbox 516 3395 554 3453; x_wconf 88' lang='lat' dir='ltr'><strong>ut</strong></span> <span class='ocrx_word' id='word_1_239' title='bbox 587 3391 711 3470; x_wconf 90' lang='lat' dir='ltr'><strong>reliqua</strong></span> <span class='ocrx_word' id='word_1_240' title='bbox 740 3397 871 3472; x_wconf 80' lang='lat' dir='ltr'><strong>peecata</strong></span> <span class='ocrx_word' id='word_1_241' title='bbox 903 3395 1045 3465; x_wconf 85' lang='lat' dir='ltr'><strong>taceam,</strong></span> <span class='ocrx_word' id='word_1_242' title='bbox 1082 3409 1155 3469; x_wconf 87' lang='lat' dir='ltr'><strong>erga</strong></span> <span class='ocrx_word' id='word_1_243' title='bbox 1274 3421 1275 3428; x_wconf 19' lang='grc' dir='ltr'><strong>κ</strong></span> 
     </span>
     <span class='ocr_line' id='line_1_36' title="bbox 215 3476 1275 3560; baseline 0 -19"><span class='ocrx_word' id='word_1_244' title='bbox 215 3476 380 3541; x_wconf 87' lang='lat' dir='ltr'><strong>ministros</strong></span> <span class='ocrx_word' id='word_1_245' title='bbox 402 3478 492 3541; x_wconf 89' lang='lat' dir='ltr'><strong>verbi</strong></span> <span class='ocrx_word' id='word_1_246' title='bbox 514 3479 661 3542; x_wconf 90' lang='lat' dir='ltr'><strong>omnium</strong></span> <span class='ocrx_word' id='word_1_247' title='bbox 684 3478 882 3560; x_wconf 85' lang='lat' dir='ltr'><strong>ingratitudo</strong></span> <span class='ocrx_word' id='word_1_248' title='bbox 906 3479 979 3542; x_wconf 76' lang='lat' dir='ltr'><strong>est?</strong></span> <span class='ocrx_word' id='word_1_249' title='bbox 1013 3484 1158 3558; x_wconf 86' lang='lat' dir='ltr'><strong>quantus</strong></span> <span class='ocrx_word' id='word_1_250' title='bbox 1273 3487 1275 3494; x_wconf 62' lang='lat'><strong>⁴</strong></span> 
     </span>
    </p>
   </div>
   <div class='ocr_carea' id='block_1_6' title="bbox 215 3561 1275 3678">
    <p class='ocr_par' dir='ltr' id='par_1_7' title="bbox 215 3561 1275 3678">
     <span class='ocr_line' id='line_1_37' title="bbox 215 3561 1275 3678; baseline 0.002 -50"><span class='ocrx_word' id='word_1_251' title='bbox 215 3567 441 3647; x_wconf 77' lang='lat' dir='ltr'><strong>contemptus?</strong></span> <span class='ocrx_word' id='word_1_252' title='bbox 477 3561 598 3631; x_wconf 68' lang='lat' dir='ltr'><strong>‘Istam</strong></span> <span class='ocrx_word' id='word_1_253' title='bbox 621 3574 730 3632; x_wconf 87' lang='lat' dir='ltr'><strong>antem</strong></span> <span class='ocrx_word' id='word_1_254' title='bbox 745 3569 925 3650; x_wconf 84' lang='lat' dir='ltr'><strong>episcorum</strong></span> <span class='ocrx_word' id='word_1_255' title='bbox 940 3566 1155 3629; x_wconf 84' lang='lat' dir='ltr'><strong>idololatriam</strong></span> <span class='ocrx_word' id='word_1_256' title='bbox 1273 3621 1275 3678; x_wconf 43' lang='grc' dir='ltr'><strong>ἓ</strong></span> 
     </span>
    </p>
   </div>
   <div class='ocr_carea' id='block_1_7' title="bbox 213 3703 1275 3882">
    <p class='ocr_par' dir='ltr' id='par_1_8' title="bbox 213 3703 1275 3896">
     <span class='ocr_line' id='line_1_38' title="bbox 305 3703 1275 3811; baseline -0.002 -18"><span class='ocrx_word' id='word_1_257' title='bbox 305 3740 332 3807; x_wconf 91' lang='grc'><strong>1)</strong></span> <span class='ocrx_word' id='word_1_258' title='bbox 351 3741 494 3794; x_wconf 83' lang='lat' dir='ltr'><strong>Indicium</strong></span> <span class='ocrx_word' id='word_1_259' title='bbox 506 3739 624 3795; x_wconf 90' lang='lat' dir='ltr'><strong>domini.</strong></span> <span class='ocrx_word' id='word_1_260' title='bbox 652 3741 680 3811; x_wconf 78' lang='lat'><strong>2)</strong></span> <span class='ocrx_word' id='word_1_261' title='bbox 694 3742 773 3796; x_wconf 87' lang='lat' dir='ltr'><strong>Deus</strong></span> <span class='ocrx_word' id='word_1_262' title='bbox 785 3743 860 3796; x_wconf 90' lang='lat' dir='ltr'><strong>male</strong></span> <span class='ocrx_word' id='word_1_263' title='bbox 869 3703 980 3795; x_wconf 86' lang='lat' dir='ltr'><strong>meritis</strong></span> <span class='ocrx_word' id='word_1_264' title='bbox 990 3740 1066 3794; x_wconf 87' lang='lat' dir='ltr'><strong>bene</strong></span> <span class='ocrx_word' id='word_1_265' title='bbox 1079 3741 1152 3794; x_wconf 82' lang='lat' dir='ltr'><strong>facit</strong></span> <span class='ocrx_word' id='word_1_266' title='bbox 1273 3723 1275 3768; x_wconf 70' lang='lat' dir='ltr'><strong>f</strong></span> 
     </span>
     <span class='ocr_line' id='line_1_39' title="bbox 213 3807 1275 3882; baseline 0.001 -21"><span class='ocrx_word' id='word_1_267' title='bbox 213 3807 719 3880; x_wconf 81' lang='lat' dir='ltr'><strong>3)Oausamutationisimperiorum.</strong></span> <span class='ocrx_word' id='word_1_268' title='bbox 728 3811 756 3882; x_wconf 86' lang='lat'><strong>4)</strong></span> <span class='ocrx_word' id='word_1_269' title='bbox 764 3811 1152 3880; x_wconf 83' lang='lat' dir='ltr'><strong>Germaniapoenismatura</strong></span> <span class='ocrx_word' id='word_1_270' title='bbox 1273 3809 1275 3830; x_wconf 84' lang='lat'>¹</span> 
     </span>
    </p>
   </div>
   <div class='ocr_carea' id='block_1_8' title="bbox 0 0 1296 4267">
    <p class='ocr_par' dir='ltr' id='par_1_9' title="bbox 0 0 1296 4267">
     <span class='ocr_line' id='line_1_40' title="bbox 0 0 1296 4267; baseline 0 0"><span class='ocrx_word' id='word_1_271' title='bbox 0 0 1296 4267; x_wconf 95' lang='lat' dir='ltr'><strong> </strong></span> 
     </span>
    </p>
   </div>
  </div>
 </body>
</html>
