2584 4267
483 242 789 355 Joelissprophetae.
1041 273 1103 337 181

157 456 197 515 et
219 450 408 531 comperies,
431 450 624 531 prophetam
645 456 713 514 non
735 450 925 527 mentitum,
950 451 1007 530 qui
1030 471 1105 536 eum

157 546 259 604 vocat
279 540 414 603 chanun
435 539 640 620 placabilem,
665 539 793 616 mitem,
824 540 1016 622 benignum,
1047 541 1105 603 cle·

157 623 339 692 mentem.¹
378 627 430 690 Ad
444 629 533 697 hunc
548 629 683 692 modum
698 629 803 709 primo
816 629 877 692 hac
889 628 1105 694 consolatione

159 717 266 781 utaris
289 724 401 780 contra
422 724 591 799 peccatum
613 725 646 782 et
673 717 756 780 iram
785 717 853 795 dei,
885 737 985 800 quam
1012 735 1104 780 mens

159 814 222 870 tua
243 807 326 869 falso
348 806 410 870 tibi
432 806 584 888 proponit
606 806 855 888 implacabilem.

160 949 165 956 .
260 889 403 958 ²Deinde
417 895 544 958 imitare
560 897 755 978 exemplum,
777 903 829 959 est
840 902 909 960 esto
924 902 962 960 tu
976 916 1104 976 quoque

160 983 356 1061 misericors,
375 983 460 1048 sicut
474 992 565 1065 pater
579 989 656 1048 tuus
671 986 825 1048 coelestis.
872 986 920 1048 Ne
936 985 980 1048 sis
996 985 1105 1048 durior

160 1093 242 1154 erga
264 1074 391 1150 fratres,
422 1073 509 1136 sinas
532 1081 564 1136 te
587 1073 787 1137 reconciliari
808 1072 849 1138 iis
873 1073 930 1153 qui
952 1081 984 1138 te
1007 1075 1103 1137 offen-

159 1162 292 1225 demnt.
323 1164 374 1226 Ita
387 1162 540 1244 utrinque
554 1169 639 1227 recte
654 1183 733 1226 usus
745 1163 844 1226 fueris
855 1163 918 1225 hac
929 1163 1104 1244 prophetae

160 1271 330 1314 conmone.

165 1394 169 1399 .
255 1340 441 1404 Secundum
462 1359 582 1403 nomen
597 1360 663 1425 quo
678 1340 835 1422 propheta
851 1340 949 1403 deum
964 1341 1105 1423 appellat

159 1423 319 1492 rachum³
351 1428 386 1491 id
415 1429 542 1512 proprie
571 1433 620 1492 est
650 1429 843 1505 misericors,
880 1431 937 1510 qui
965 1429 1104 1492 afficitur

160 1518 262 1580 malis
285 1517 431 1580 aliorum.
477 1519 569 1582 Haec
591 1537 720 1598 quoque
743 1518 796 1581 dei
818 1517 919 1582 virtus
935 1519 1104 1582 collatione

161 1606 293 1669 facilius
323 1607 523 1686 intelligitm.
576 1607 642 1670 Nos
677 1607 855 1687 gaudemus
889 1607 1103 1671 incommodis

159 1695 387 1771 inimicorum,
417 1696 492 1758 ideo
514 1696 701 1776 quaerimus
723 1696 822 1759 etiam
845 1691 1025 1759 occasiones
1049 1716 1102 1758 no·

161 1783 270 1846 cendi.
316 1783 380 1847 Sed
409 1785 483 1848 talis
513 1784 593 1848 deus
623 1805 690 1848 non
720 1789 781 1860 est,
814 1785 875 1847 etsi
908 1784 1103 1847 offendimus

160 1893 241 1935 eum
263 1873 404 1954 peccatis
426 1875 554 1949 nostris,
579 1880 612 1936 et
633 1873 811 1954 pertinacia
833 1878 942 1936 nostra
958 1873 1102 1952 cogimus

159 1959 207 2024 ad
237 1961 435 2042 infligendas
469 1983 590 2044 poenas
619 1969 729 2026 tamen
766 1981 832 2024 non
862 1960 1037 2025 delectatur
1066 1980 1102 2024 eo

160 2052 346 2131 spectaculo
370 2051 459 2129 deus,
483 2051 690 2114 cumdolore
713 2070 751 2114 ac
772 2052 862 2113 luctu
885 2050 1001 2132 aspicit
1023 2049 1102 2113 cala·

159 2139 294 2203 mitates
317 2146 455 2216 nostras,
485 2133 762 2222 velletpraecisas
785 2159 897 2202 omnes
924 2143 1102 2221 poenarum

158 2228 363 2305 occasiones,
381 2236 413 2292 et
435 2248 623 2310 quanquam
645 2227 770 2308 cogitur
791 2234 829 2292 ut
843 2228 967 2310 puniat,
991 2235 1099 2292 tamen

160 2316 200 2379 id
221 2318 317 2397 quasi
337 2317 439 2382 invito
462 2318 571 2381 animo
595 2324 628 2381 et
655 2318 829 2382 reluctante
858 2317 944 2381 facit.
991 2317 1101 2380 Mallet

160 2426 230 2468 non
246 2408 352 2470 solum
367 2427 505 2488 parcere,
525 2406 583 2470 sed
598 2405 698 2470 etiam
712 2407 802 2470 omni
817 2407 926 2487 generi
940 2407 1100 2470 bonorum

159 2496 509 2571 cumularehomines,
532 2495 630 2560 modo
653 2502 802 2576 parerent
827 2496 986 2560 voluntati
1012 2516 1098 2571 suae,

159 2583 220 2647 sed
249 2605 326 2646 cum
353 2586 416 2648 hoc
443 2584 649 2666 pertinaciter
677 2591 825 2648 recusent
853 2584 972 2661 facere,
1004 2584 1100 2664 punit

157 2672 311 2752 quidem,
342 2675 375 2736 et
396 2673 527 2736 subiicit
550 2672 801 2748 calamitatibus,
833 2672 890 2735 sed
918 2673 1038 2736 invitus
1068 2679 1100 2736 et

159 2759 286 2827 dolens.
331 2763 405 2825 Hoc
439 2762 468 2825 si
501 2761 687 2844 persuaderi
720 2761 814 2824 nobis
849 2768 1031 2842 pateremur
1064 2761 1099 2822 in

158 2851 339 2914 tentatione
362 2858 403 2914 et
429 2851 619 2931 urgentibus
649 2848 776 2932 poenis,
813 2868 912 2929 quam
940 2849 1098 2929 praeclare

159 2946 308 3019 ageretur
331 2939 525 3003 nobiscnm?
562 2939 626 3002 Sed
646 2938 724 3019 quia
739 2937 902 3000 diversum
917 2936 1098 3012 statuimus,

159 3034 195 3091 et
217 3028 325 3091 odisse
348 3028 446 3092 deum
468 3049 537 3105 nos,
562 3034 594 3091 et
613 3027 751 3108 gaudere
767 3027 884 3090 nostris
899 3025 1002 3100 malis,
1025 3025 1099 3088 ideo

159 3122 218 3179 aut
240 3117 458 3204 desperamus,
482 3124 539 3180 aut
561 3116 766 3198 impatientia
788 3114 865 3180 victi
880 3115 978 3178 deum
992 3113 1098 3178 odisse

160 3205 349 3286 incipimus.
459 3239 461 3244 ·

250 3294 354 3357 Disce
370 3293 469 3376 igitur
490 3294 531 3357 de
554 3295 719 3358 voluntate
743 3292 796 3355 dei
818 3292 959 3356 iudicare
977 3315 1043 3356 non
1059 3313 1099 3356 ex

174 3387 228 3446 uo‘
247 3384 372 3460 animo,
403 3382 462 3447 sed
485 3404 526 3446 ex
553 3384 649 3447 verbo
678 3381 743 3458 dei,
775 3388 807 3444 et
834 3401 889 3444 ora
917 3382 1030 3458 deum,
1062 3390 1099 3445 ut

170 3491 219 3552 aer
247 3471 400 3553 spiritum
427 3475 524 3537 suum
551 3474 636 3535 hanc
666 3471 797 3534 breuem
826 3471 1011 3534 concionem
1042 3477 1098 3534 tuo

254 3680 281 3747 1)
300 3682 373 3736 Iem:
398 3683 480 3736 Rom.
493 3681 518 3734 8.
549 3681 577 3748 2)
596 3681 655 3735 Nos
667 3696 781 3750 quoque
793 3680 931 3734 debemus
944 3678 1099 3731 clementes

170 3766 237 3805 sse.
272 3750 301 3818 3)
320 3753 357 3805 H.
376 3753 448 3808 deus
472 3753 642 3808 misericors.
664 3751 733 3808 Coll.
752 3753 812 3805 Ien.
836 3751 931 3804 addit:
959 3747 1098 3800 Rachum.
