2584 4267
420 257 504 320 28
967 285 977 293 ·
1046 252 1257 333 Caput
1302 252 1659 316 secundum

417 433 503 496 Et
549 430 798 495 videbit
842 430 1053 493 omnis
1099 450 1244 493 caro
1290 431 1570 493 salutare
1630 430 1763 505 dei,
1827 430 2002 510 quod
2057 433 2297 509 purast-i

418 526 568 583 ante
614 520 846 582 faciem
901 519 1198 581 omnium
1253 520 1670 600 populorum,
1733 520 1914 582 omni
1973 533 2297 582 creaturae

417 608 781 689 praedicate
834 608 1293 687 Evangelium:
1345 643 1433 654 —-
1478 607 1770 671 Christus
1823 608 2141 671 revelatus
2201 617 2301 673 est

419 697 503 761 ad
571 695 995 777 spectandum
1054 697 1234 759 omni
1293 697 1497 773 carni,
1571 698 1664 760 sio
1717 696 1982 775 spiritus
2037 705 2301 761 sanstus

364 845 368 856 ,
419 787 662 849 effusus
710 792 806 847 est
851 792 915 848 et
959 786 1295 860 revelatus,
1347 784 1522 865 quod
1569 804 1792 847 omnes
1835 789 2165 865 potuerint
2209 785 2297 845 vi*

417 874 567 937 dere
581 925 594 951 ‚
667 874 954 953 loquitur
1022 873 1103 936 de
1170 873 1695 936 manifestatione
1764 873 2030 953 spiritus
2089 877 2297 937 sancti

418 963 625 1026 effusi.
676 962 874 1025 simul
920 962 1372 1025 manifestatur
1415 969 1480 1026 et
1509 962 1876 1032 infunditur
1903 962 1991 1024 ad
2022 965 2297 1025 aliorum

416 1051 789 1114 utilitatem.
838 1052 1041 1114 nostri
1078 1052 1330 1132 jactant
1374 1051 1640 1131 spiritus
1686 1070 1853 1121 suos,

596 1140 742 1202 Non
787 1139 943 1202 satis
990 1146 1086 1202 est
1129 1140 1368 1203 habere
1427 1138 1730 1219 spiritum
1790 1139 2109 1217 infusum,
2177 1141 2301 1205 huz:

418 1228 541 1291 tibi
588 1228 845 1304 sufficit,
894 1227 1008 1292 sed
1052 1234 1127 1292 ut
1156 1235 1230 1292 tu
1260 1229 1488 1292 doceas
1528 1229 1850 1307 spiritum,
1899 1248 2153 1291 necesse
2201 1237 2301 1293 est

416 1324 492 1380 ut
537 1316 835 1380 ostendas
882 1318 1069 1381 oertis
1114 1318 1336 1398 signis,
1385 1335 1651 1397 possum
1697 1316 1768 1379 in
1813 1318 2129 1397 scriptura
2173 1317 2298 1381 tibi

418 1405 776 1481 ostendere,
836 1405 1035 1469 aliam
1095 1406 1528 1469 ostensionem
1585 1406 1849 1485 spiritus
1904 1409 2109 1469 sancti
2165 1425 2301 1469 nun

417 1494 734 1556 habemus
781 1511 980 1573 quam
1026 1515 1193 1575 quae
1239 1500 1337 1558 est
1382 1495 1452 1556 in
1497 1495 1830 1574 scriptura,
1880 1494 1960 1557 de
1992 1515 2097 1557 me
2129 1497 2297 1557 nihil

419 1602 685 1664 possum
730 1582 957 1645 dicere.

597 1672 884 1751 loquitur
928 1672 1035 1734 hio
1081 1678 1298 1735 textus
1345 1671 1425 1734 de
1456 1673 1584 1734 alio
1616 1691 1808 1753 regno
1841 1672 2141 1734 distinete
2173 1677 2289 1733 ein.

596 1760 773 1822 mitti
819 1760 1123 1839 spiritum
1168 1767 1467 1823 sanctum
1512 1767 1609 1824 est
1647 1761 1865 1841 ipsum
1895 1761 2297 1823 manifestari

417 1850 488 1911 in
534 1847 796 1911 mundo.
892 1849 997 1913 Sic
1043 1847 1486 1930 Aug[u⁸tinu.s].

1025 2009 1110 2072 Et
1153 2008 1682 2091 prophe[tabunt]:

417 2117 576 2177 haec
634 2115 937 2179 dicuntur
995 2121 1216 2179 contra
1255 2122 1630 2195 ,respectum
1685 2114 2129 2195 personarum,
2201 2117 2297 2177 ‘tier

417 2203 685 2283 spiritus
732 2201 992 2266 sanctus
1050 2202 1183 2269 mitt
1225 2202 1396 2284 babet
1439 2203 1662 2286 fabum,
1720 2223 2137 2284 quoscunque
2193 2225 2293 2265 vt]-

420 2292 640 2367 luerit,
700 2298 945 2371 tanget,
1004 2312 1136 2354 non
1180 2292 1396 2356 solum
1449 2291 1863 2373 saoer[dote.s]:
1927 2298 1991 2355 et
2049 2293 2293 2365 levites,

420 2386 569 2443 ante
615 2399 745 2443 non
790 2380 1026 2443 licebat
1069 2380 1374 2444 mulieres
1419 2381 1601 2461 loqui
1647 2386 1762 2445 etc.
1851 2381 2117 2444 Paulus:
2165 2401 2297 2445 non

419 2469 573 2532 licet
629 2469 932 2532 mulieres
985 2468 1166 2549 loqui
1222 2476 1338 2535 eto.
1399 2468 1460 2550 ja
1512 2469 1958 2549 praesentibus
2011 2469 2169 2533 viris
2229 2473 2301 2530 in

420 2557 614 2620 domo
671 2577 789 2620 sua
846 2564 1119 2638 possunt
1172 2564 1287 2621 eto.
1401 2560 1483 2621 3a
1548 2579 1780 2637 genera
1846 2558 2297 2621 illustrationis

420 2645 681 2709 divinae
698 2696 711 2722 ,
762 2647 1125 2726 prophetia,
1188 2648 1469 2723 somnia,
1519 2648 1816 2710 visiones.
1832 2642 1858 2680 ²
1954 2648 2301 2725 Prophetia

420 2740 519 2797 est
584 2736 700 2798 ubi
769 2754 927 2815 pure
1003 2741 1067 2800 et
1142 2735 1470 2799 evidenter
1537 2736 1916 2816 prophetare
1992 2737 2301 2813 mysteria

420 2822 689 2901 Christi,
748 2823 1015 2887 Somnia
1059 2824 1130 2888 in
1174 2825 1472 2901 Daniele,
1535 2824 1650 2887 ubi
1707 2824 2024 2904 imagines
2081 2825 2297 2889 obseu-

419 2919 643 2976 rantur
688 2934 855 2993 quae
900 2933 1032 2977 non
1075 2913 1205 2977 nisi
1251 2935 1366 2993 per
1403 2914 1818 2993 interpretem
1848 2912 2301 2993 intelliguntur

422 3008 537 3064 eto.
589 3001 867 3064 visiones
914 3009 989 3064 ut
1033 3003 1141 3065 hio
1184 3003 1228 3065 J
1229 3002 1376 3064 ohel
1421 3008 1487 3065 et
1516 3002 1717 3064 Amos
1757 3008 1873 3064 eto.
1924 3002 2055 3064 illis
2089 3001 2301 3065 medis

65 3170 116 3176 m
418 3089 703 3152 illustrat
748 3089 906 3153 deus
952 3110 1058 3153 cor
1115 3092 1480 3153 humanum
1526 3090 1629 3153 vel
1688 3090 2027 3170 prophetia
2081 3101 2301 3169 aperta

12 3177 61 3184 ‘W
116 3175 519 3241 ”ffiw‘ffrel
572 3178 823 3241 somnio
870 3179 973 3241 vel
1018 3178 1282 3242 visione.

1099 3337 1107 3352 “
1141 3334 1405 3401 Servos2
1462 3345 1576 3403 etc.

418 3466 479 3526 q.
530 3444 589 3506 d.
655 3445 797 3525 jam
856 3443 1288 3508 differentiam
1348 3446 1600 3509 habetis
1668 3464 2113 3525 personarum,
2189 3445 2297 3505 sed

418 3534 603 3596 illam
650 3533 1086 3596 differentiam
1132 3535 1359 3597 tollam
1407 3540 1471 3598 et
1501 3534 1738 3597 faciam
1769 3554 1850 3597 ex
1879 3553 2060 3597 servo
2101 3553 2297 3597 saeer-

600 3726 653 3794 1)
691 3724 765 3779 ad
804 3724 1164 3795 ,prophet-ia‘:
1202 3729 1261 3781 et
1299 3727 1442 3782 haec
1480 3740 1707 3782 summa
1742 3730 1846 3781 est.
1920 3726 1978 3793 2)
2015 3725 2089 3778 ad
2125 3741 2177 3777 v,
2209 3725 2293 3777 29.

1432 4257 2057 4267 nnn-..ff
2301 4257 2388 4265 i
2477 4077 2578 4267 l
