2584 4267
202 282 266 346 398
505 282 609 363 Caput
631 281 812 344 secundum

606 459 738 523 Cirioth.

292 567 361 646 Ego
377 523 585 649 appellative¹
605 565 780 647 legendum
795 571 885 646 puto,
905 564 941 626 id
956 574 1005 628 est
1020 565 1149 629 civitas.

583 727 623 790 Iu
647 727 765 790 sonitu.

292 834 421 896 Rectius
443 833 477 894 in
500 833 653 897 tumultu.
760 912 768 925 ⁴

503 993 546 1054 ¹In
569 993 717 1074 clangore
740 993 846 1061 tubae.

292 1102 332 1163 111
360 1101 469 1164 iubilo.
529 1093 599 1162 Sic²
632 1099 733 1163 finitis
762 1099 940 1182 prophetiis
970 1091 1144 1162 adversus³

204 1196 314 1271 gentes
337 1191 404 1252 iam
426 1189 509 1252 redit
532 1188 573 1250 ad
595 1188 793 1266 institutum,
818 1194 850 1251 et
872 1187 988 1269 incipit
1010 1187 1172 1269 prophe·

204 1287 271 1342 tare
295 1285 406 1342 contra
427 1271 575 1340 Iudam.⁴

343 1439 476 1519 Propter
498 1444 562 1500 tres
585 1437 873 1519 praevaricationes
895 1435 1010 1514 Iuda.†

292 1547 321 1605 A
356 1545 461 1626 capite
495 1544 649 1608 vitiorum
689 1543 837 1606 omnium
876 1541 982 1622 arguit
1014 1541 1146 1620 Iudam,

204 1653 321 1715 nempe
343 1632 539 1710 idololatria,
563 1632 673 1696 relicto
695 1653 771 1698 vero
793 1632 883 1696 cultu
905 1637 937 1694 et
958 1631 1057 1696 verbo
1080 1631 1145 1709 dei,

204 1743 281 1786 nam
303 1724 365 1786 hac
387 1722 552 1805 impietate
575 1728 730 1804 perpetuo
748 1714 939 1794 laboravit?
959 1719 1147 1809 necessario

155 1866 158 1870 .
205 1812 292 1874 enim
315 1817 495 1892 sequuntur
517 1810 773 1874 abominationes
796 1816 828 1873 et
850 1809 1063 1886 idololatriae,
1086 1807 1146 1871 ubi

205 1920 224 1962 a
246 1920 319 1964 vero
342 1901 439 1966 verbo
463 1900 516 1963 dci
539 1899 716 1976 deficimus,
740 1899 775 1962 id
795 1899 973 1980 quodcum
994 1897 1147 1984 hictum

204 1989 240 2051 in
262 1990 351 2052 omni
374 1990 532 2071 scriptura
554 1988 856 2062 sactumvidemus.

513 2150 561 2244 Et¹
577 2148 732 2211 mandata
754 2149 848 2210 eius·

299 2251 447 2320 ‘³Rectius
476 2253 625 2320 statuta*
674 2254 760 2329 Quid
788 2251 916 2317 intersit
942 2247 1027 2317 in'ter
1055 2273 1145 2335 prae·
1176 2283 1184 2287 ·

204 2353 297 2427 cepta
320 2348 353 2406 et
378 2343 556 2422 statuta,††
584 2345 728 2408 dicemus
759 2344 851 2420 alias,
881 2344 948 2406 iam
978 2341 1057 2406 satis
1085 2348 1146 2420 est,

205 2435 251 2498 sic
280 2432 471 2495 discernere:
504 2438 624 2496 statuta
653 2452 722 2496 esse
749 2431 945 2496 ceremonias
974 2429 1016 2494 ad
1046 2430 1147 2494 deum

204 2517 417 2604 pertinentes,
457 2516 557 2602 quael
599 2527 710 2585 tamen
747 2541 806 2604 pro
842 2528 988 2602 tempore
1025 2519 1147 2582 mutari

204 2606 387 2694 possunt.**
436 2610 487 2674 Sic
524 2611 560 2673 in
597 2611 788 2693 psalmo†††
817 2606 901 2672 2.***
939 2609 979 2672 de
1018 2608 1146 2672 Christo
1253 2670 1258 2676 .

295 2787 319 2852 ⁸¹)
332 2789 441 2841 statuta
451 2784 505 2838 dci.
525 2784 566 2852 ·⁸)
578 2783 679 2840 verba:
690 2799 773 2854 ,quae
785 2812 819 2822 —
829 2782 961 2851 possunt‘
970 2783 1003 2838 iu
1014 2783 1147 2850 margine

205 2856 299 2912 Msoi.
326 2857 468 2925 leguntur,
499 2856 551 2910 sed
586 2855 741 2923 signaculis
768 2854 889 2909 aduncis
915 2855 958 2909 ita
984 2852 1147 2922 significata

204 2933 410 3070 pppt,ppt21ron
427 2926 573 2996 possimus
592 2927 663 2994 quin'
675 2925 726 2980 illa
738 2926 769 2979 in
788 2929 956 2980 contextum
972 2925 1145 2980 injiciamus.

116 3231 122 3241 ,
295 3178 322 3245 1)
341 3177 513 3246 appellative
538 3177 628 3231 latine
652 3175 807 3241 legendum
825 3189 888 3242 sqq.
925 3173 953 3242 2)
971 3173 1035 3227 Iam
1052 3173 1146 3226 finitis

206 3266 268 3317 sqq.
296 3248 324 3317 3)
342 3249 453 3304 vicinas
466 3251 564 3318 gentes
582 3246 658 3301 redit
676 3262 739 3314 sqq.
766 3244 794 3313 4)
812 3244 951 3298 Additur:
969 3247 1058 3311 atque
1074 3243 1147 3297 hinc

206 3320 351 3374 ordiemus
376 3320 500 3388 primam
524 3319 699 3374 concionem.
742 3316 770 3380 5)
789 3315 928 3370 Additur:
954 3318 1073 3369 sauctus
1097 3329 1147 3382 po

112 3402 115 3405 ·
204 3391 299 3460 pulus.
318 3390 345 3458 6)
354 3391 564 3445 Praemittitur:
576 3387 727 3464 1117111111
739 3387 765 3455 7)
775 3387 871 3442 deest:
884 3401 960 3454 quae
969 3415 1002 3425 —
1011 3389 1146 3454 possunt

294 3551 323 3620 †)
341 3551 423 3612 Iena
434 3551 496 3604 Iam
514 3549 653 3605 adversus
670 3548 783 3616 Iudam,
802 3549 832 3600 et
848 3549 931 3600 taxat
948 3546 1011 3600 eius
1029 3543 1143 3598 idolola-

205 3623 299 3678 triam.
353 3622 457 3677 Vuitt.:
486 3620 648 3676 Discrimen
679 3619 756 3672 inter
784 3620 938 3685 praccepta
967 3619 998 3671 et
1026 3618 1139 3669 statuta

205 3695 251 3764 11)
277 3695 396 3748 Statuta.
440 3690 504 3762 111)
528 3693 601 3759 psal.
624 3691 651 3744 2.
696 3687 778 3759 1111)
804 3689 881 3743 Ian:
910 3679 1033 3756 Ohukot‚
1056 3689 1088 3739 et
1111 3685 1147 3739 in

206 3766 343 3818 contextu
361 3767 391 3818 et
407 3765 440 3816 in
458 3763 594 3829 margine.
630 3762 738 3818 voitu:
757 3759 879 3814 Hukoth
896 3759 929 3812 in
947 3759 1092 3813 contextu.
