2584 4267
439 298 537 363 Joelis
560 300 745 383 prophetae.
1001 268 1079 363 167'
1119 284 1130 311 ’

1223 345 1231 379 i

1175 424 1178 430 .

1206 454 1220 480 ἢ
1229 451 1255 482 3³-

124 480 245 551 tamen,
270 496 367 555 quem
382 476 540 551 invocent,
564 496 631 540 non
645 482 775 554 norunt,
794 482 952 557 coguntur
966 476 1066 557 igitur

124 563 272 627 dubitare
295 564 335 627 de
358 570 475 628 eventu
498 584 554 629 seu
576 566 793 630 exauditione.

131 690 133 695 ·
211 652 275 717 Sed
310 674 377 716 non
410 660 538 717 tantum
570 654 652 717 haec
686 655 740 717 dei
773 654 889 718 notitia
918 654 1065 717 accendit

123 742 230 818 fidem,
255 743 388 806 ecclesia
410 743 527 805 habuit
547 741 700 807 omnibus
722 744 922 825 temporibus
944 749 1064 807 certam

123 831 341 894 exauditionis
375 828 652 912 promissionem.¹
707 833 790 895 Nam
824 833 861 894 in
893 833 963 912 lege
997 838 1064 894 erat

123 925 246 982 certum
268 920 412 997 verbum,
437 920 524 1000 quod
547 927 673 1003 orantes
689 922 725 983 in
737 922 860 1003 templo
875 921 955 984 deus
970 940 1063 983 exau-

122 1007 188 1070 dire
216 1009 322 1073 vellet.
380 1009 465 1083 Quia
499 1009 587 1072 enim
620 1028 696 1073 eum
729 1011 837 1074 locum
871 1029 928 1073 suo
962 1009 1064 1073 cultui

122 1096 287 1177 delegerat,
310 1097 389 1161 deus
417 1117 468 1181 acx
485 1118 518 1161 se
546 1099 594 1162 ibi
623 1099 846 1163 habitaturum
874 1099 1065 1180 promiserat

121 1204 156 1247 ac
183 1186 375 1249 auditurum
409 1186 663 1269 supplicantium
696 1207 820 1270 preces,
855 1188 904 1268 pii
936 1186 1064 1250 invitati

120 1274 179 1337 hac
208 1276 424 1356 promissione
453 1276 493 1339 de
522 1276 576 1339 dei
605 1278 770 1341 voluntate
800 1277 883 1339 nihil
916 1280 1065 1357 poterant

121 1362 278 1426 dubitare.
336 1365 376 1428 In
409 1385 492 1429 novo
526 1370 721 1429 testamento
753 1364 886 1429 eeclesia
920 1384 986 1428 non
1015 1369 1066 1428 est

123 1452 252 1532 alligata
281 1452 323 1515 ad
352 1458 474 1516 eertum
499 1454 607 1518 iocum
634 1455 718 1519 sieut
744 1455 780 1517 in
807 1454 916 1519 veteri.
968 1454 1063 1531 Nam,

122 1546 157 1603 ut
178 1540 328 1605 Christus
350 1536 492 1623 inquit‚²
525 1550 637 1623 neque'
652 1544 688 1605 in
710 1544 772 1607 hoe
794 1563 853 1607 nec
875 1543 931 1605 illo
952 1549 1063 1606 monte

123 1628 273 1693 adoratur
295 1630 383 1707 deus,
408 1631 464 1695 sed
487 1631 554 1695 veri
576 1631 759 1696 adoratores
779 1632 915 1695 adorant
930 1650 1005 1693 eum
1027 1630 1064 1693 in

123 1718 248 1798 spiritu,
272 1719 334 1782 hoc
356 1724 406 1782 est
426 1740 493 1783 non
516 1726 593 1783 sunt
607 1721 735 1801 allegati
750 1721 792 1783 ad
807 1726 930 1783 certum
944 1720 1061 1783 locum.

123 1806 181 1869 Sed
219 1827 315 1870 mens
352 1808 497 1871 intuetur
535 1809 716 1885 Christum,
762 1810 873 1889 sicque
908 1808 1064 1871 invocans

124 1895 218 1958 deum
243 1896 415 1960 exaudittu
437 1898 616 1961 secundum
639 1897 759 1961 Christi
781 1889 941 1960 dictrrm⁸t
970 1896 1062 1971 Quic-

124 1984 199 2063 quid
222 1986 411 2065 rogaveritis
432 1992 558 2069 patrem
580 1987 616 2049 in
638 1987 771 2049 nomine
793 2006 866 2049 meo
888 1986 951 2048 hoc
972 1984 1064 2048 vobis

124 2072 220 2136 dabit.
268 2075 371 2137 Petite
399 2081 431 2138 et
458 2076 631 2158 accipietis.
678 2076 789 2138 Talem
815 2073 1063 2156 promissionem

124 2181 185 2224 non
212 2163 339 2226 habent
366 2164 501 2241 Thrcae,
533 2183 599 2227 non
625 2164 758 2241 Judaei,
789 2183 855 2227 non
881 2155 1060 2244 Papistae.⁴

123 2250 223 2329 Igitur
258 2252 360 2333 oratio
394 2273 504 2316 eorum
537 2272 668 2335 prorsus
701 2253 772 2315 sine
805 2252 869 2315 fide
903 2257 968 2329 est,
1003 2269 1063 2314 nec

125 2345 262 2402 meretur
296 2340 448 2405 orationis
482 2362 619 2419 nomen,
641 2340 763 2423 *potius
793 2347 843 2405 est
869 2340 977 2404 illusio
1007 2346 1064 2402 aut

125 2428 324 2511 blasphemia
346 2430 382 2493 in
405 2430 511 2494 deum.
558 2431 593 2493 Si
615 2437 740 2494 extaret
761 2431 940 2513 promissio,
964 2430 1063 2493 deum

125 2517 309 2580 auditurum
332 2518 368 2581 in
382 2519 577 2583 Mahometis
592 2521 724 2584 nomine
747 2521 942 2595 invocantes,
965 2518 1063 2581 deum

126 2606 309 2669 auditurum
339 2626 392 2671 eos
422 2609 479 2689 qui
502 2608 667 2672 Christum
696 2615 864 2690 negarent,
893 2608 950 2689 qui
977 2608 1063 2671 invo

126 2701 231 2758 carent
253 2696 289 2757 in
311 2696 443 2759 nomine
465 2698 595 2775 Mariae,
619 2698 715 2774 Petri,
738 2698 840 2774 Pauli,
872 2702 904 2759 et
926 2697 1063 2759 aliorum

126 2782 285 2860 divorum,
315 2792 447 2865 possent
469 2788 603 2864 ihucae,
628 2786 745 2849 Judaei
767 2785 916 2866 Papistae
938 2781 1063 2863 aliquid

128 2890 198 2934 suae
232 2872 429 2937 invocationi
463 2875 612 2938 tribuere.
671 2874 733 2937 Sed
767 2893 843 2937 eum
877 2874 998 2934 'Furcae
1031 2875 1065 2932 et

127 2958 238 3023 Judsei
277 2962 442 3025 Christum
479 2964 649 3040 abiiciant‚
695 2962 843 3044 Papistae
881 2966 990 3023 autem
1028 2959 1064 3021 in

61 3077 65 3098 ι
129 3046 277 3112 divorum
293 3050 494 3115 invocatione
517 3072 609 3134 spem
631 3057 769 3133 ponant,
793 3056 951 3131 coguntur
973 3048 1062 3111 dubi-

58 3169 63 3178 ·
128 3141 190 3198 tare
213 3138 340 3217 quoties
363 3145 464 3217 orant,
489 3141 568 3204 fides
592 3141 680 3203 enim
703 3141 818 3203 nititur
840 3138 1061 3220 promissione.

128 3224 188 3287 Ubi
215 3227 315 3307 igitur
343 3229 514 3310 promissio
539 3249 606 3293 non
634 3235 696 3305 est,
727 3229 775 3291 ibi
805 3248 865 3291 neo
891 3228 972 3290 fides
994 3247 1064 3291 esse

129 3319 238 3381 potest.
874 3364 883 3371 ,

212 3404 336 3466 Diserte
359 3404 458 3485 igitur
480 3406 638 3487 propheta
668 3404 762 3469 dicit:
792 3406 844 3469 Ad
871 3412 903 3468 te
931 3406 1063 3469 domine

214 3628 241 3697 1)
259 3631 470 3686 Promissiones
496 3631 532 3685 de
556 3632 739 3688 exaudienda
763 3634 891 3687 oratione
916 3632 1061 3685 ecelesiae.

156 3698 372 3827 aiiCLhquiign'
398 3702 423 3755 4.
461 3701 490 3770 3)
516 3702 590 3756 Ien.:
616 3704 718 3757 Joann.
744 3704 785 3757 16.
829 3703 858 3770 ’4)
880 3702 1062 3769 Papistarum
