2584 4267
93 65 99 76 '
128 76 134 86 Ι
144 45 154 77 ⁵
179 10 262 48 ,wit

39 10 185 483 Γ
393 313 516 377 Joheiis
539 313 722 393 prophetae.
985 312 1027 375 93

39 484 44 605 Ι
98 492 204 555 bulum
232 491 423 554 clementiae
450 492 502 553 vel
528 488 779 566 misericordiae,
816 489 899 552 sicut
928 495 960 551 et
993 489 1029 551 in

39 608 41 677 ᾗ
96 580 241 661 psalmo†
268 598 399 642 versum
426 585 487 642 est:
521 580 585 641 Hic
613 580 749 659 accipiet
770 578 1029 641 benedictionem

39 682 41 737 ἱ
97 690 115 731 a
141 668 288 745 domino,
320 674 353 730 et
379 650 633 741 misericordiam
661 667 769 730 adeo
798 667 932 729 salutmi
959 685 1026 729 suo.

39 740 41 771 ⁵
97 758 142 821 Ita
155 776 213 819 nos
229 758 286 820 hic
301 751 544 819 adverbialiter¹
561 756 765 836 accipiemus,
782 754 1029 818 misericorditer

39 912 41 931 ¹
96 845 180 909 dabit
201 845 298 908 vobis
320 845 469 909 imbrem.

429 1100 461 1157 et
483 1092 692 1159 matutinum.

176 1200 341 1265 Celebrati
368 1206 446 1263 sunt
472 1200 509 1263 in
536 1199 633 1262 sacris
663 1198 766 1263 literis
799 1195 864 1261 duo
893 1197 949 1260 isti
971 1198 1028 1259 im·

97 1290 170 1366 bros,
193 1295 333 1369 uterquc
355 1290 444 1351 enim
466 1288 610 1351 maxime
633 1293 682 1351 est
702 1288 909 1362 necessarius,
933 1307 964 1365 q.
981 1282 1027 1351 ds

98 1378 187 1445 Dabit
213 1380 310 1441 vobis
340 1377 492 1442 dominus
525 1377 654 1457 pluvias
685 1396 742 1456 per
768 1376 862 1439 vices.
916 1374 1030 1438 Pluvia

98 1467 251 1530 matutina
274 1466 376 1541 dabit,
400 1472 438 1529 ut
459 1457 602 1529 crescant
623 1458 797 1527 sementa.²
837 1463 928 1543 fist
949 1482 1029 1525 sero

99 1549 224 1632 tinum,³
252 1576 295 1617 ne
318 1554 423 1617 nimia
445 1554 594 1617 ariditate
619 1559 829 1633 consumptae
851 1557 1031 1615 marescant

39 1688 41 1693 ,
100 1642 194 1724 fruges
217 1650 278 1707 etc.
333 1643 449 1707 Procul
475 1642 575 1705 dubio
602 1643 692 1705 enim
719 1641 958 1705 misericordiae
984 1639 1029 1701 di-

101 1732 183 1795 vinae
205 1737 285 1795 sunt
308 1732 365 1795 isti
387 1733 517 1807 imbres,
541 1751 581 1794 ne
597 1731 719 1794 scilicet
734 1731 839 1793 nimia
860 1730 904 1791 sit
925 1729 1029 1790 hurni-

104 1818 177 1883 dites
198 1827 315 1897 terrae,
339 1840 444 1900 neque
462 1821 566 1897 vetiam
588 1820 692 1881 nimia
715 1819 856 1883 ariditas.

262 1998 307 2061 Et
329 1996 552 2077 implebuntur
575 1984 667 2060 areae
690 1996 861 2075 frumento.

177 2104 340 2167 Videmus
369 2104 577 2183 interpretem
611 2104 721 2184 ipsum
750 2103 889 2165 variasse
923 2101 1029 2176 verba,

39 2212 42 2267 ς
102 2190 159 2253 iam
180 2193 272 2255 enim
294 2194 330 2255 in
353 2192 537 2272 praeterito,
569 2192 636 2266 iarn
666 2192 701 2253 in
724 2190 833 2253 firturo
855 2190 1029 2263 transtulit,

39 2324 41 2343 .
102 2285 133 2343 ut
152 2280 212 2342 sibi
235 2286 362 2344 constet
384 2287 493 2343 nostra
515 2280 684 2356 sententia,
708 2300 808 2359 quam
830 2298 928 2359 supra
950 2277 1030 2340 dixi-

39 2386 41 2413 2
102 2386 177 2445 mus,
205 2370 413 2433 coniunctive
440 2369 537 2431 verba
563 2370 627 2432 ista
654 2370 765 2432 omnia
791 2388 859 2430 esse
886 2366 1029 2447 legenda.

103 2454 174 2521 Sunt
209 2464 323 2521 autem
360 2460 422 2520 hae
464 2476 575 2529 omnes
618 2457 848 2537 explicationes
885 2456 1031 2536 copiosae

39 2560 41 2569 ¹
103 2546 326 2627 promissionis.
578 2546 580 2551 ’
817 2545 820 2551 ’

217 2704 369 2769 Reddam
392 2706 484 2768 vobis
508 2725 608 2769 annos
632 2726 712 2786 quos
736 2703 908 2786 co[medit].

39 2864 40 2895 p
181 2814 255 2877 Hoc
279 2818 343 2875 est:
374 2812 535 2875 Restituet
556 2812 647 2875 vobis
671 2813 822 2874 dominus
846 2810 972 2890 copiose
995 2829 1032 2872 ea

105 2902 217 2983 omnia,
248 2921 333 2981 quae
356 2922 376 2963 a
401 2901 534 2963 locustis
562 2906 638 2964 sunt
666 2901 817 2963 devorata
843 2905 875 2960 et
897 2903 1030 2974 vastata,

39 2988 40 2991 ’
106 2989 208 3053 sarciet
231 2990 392 3053 dainnum
415 2995 581 3071 acceptum
603 2989 703 3069 idque
725 2987 859 3051 affatim.

39 3250 40 3255 ,
106 3237 110 3247 ,
184 3200 211 3269 1)
240 3222 247 3251 ι
316 3196 383 3260 ·i†i
423 3198 451 3265 2)
482 3198 598 3253 Semina
623 3200 683 3252 iam
705 3200 832 3267 primum
863 3199 895 3252 in
926 3202 1033 3253 terram

106 3270 232 3325 coniecta.
288 3269 397 3323 emilie
414 3270 575 3325 matutinus
586 3270 680 3324 imber
691 3269 805 3339 dicitur,
822 3271 873 3338 qui
891 3270 1033 3325 sationem

107 3341 234 3397 nemun.
265 3341 293 3408 3)
311 3342 350 3395 Et
366 3339 531 3407 serotinam,
549 3356 586 3394 ne
603 3340 719 3394 adultae
736 3341 795 3393 iam
813 3345 925 3409 segetes
943 3342 1033 3395 nimia

155 3411 229 3466 iitate
248 3411 437 3477 consumptae
453 3416 639 3465 marcescant.
671 3410 793 3487 Pulchre
811 3416 909 3467 antem
925 3412 1033 3466 miseri·

39 3530 40 3537 ,
155 3481 209 3539 liae
230 3482 348 3538 divinae
372 3480 422 3533 isti
447 3480 554 3535 imbres
577 3482 720 3538 dicuntur.
757 3481 888 3547 (caetera
910 3498 984 3549 quae
1001 3483 1033 3535 in

155 3552 198 3611 Oc.
215 3554 352 3621 leguntur
369 3551 401 3605 in
419 3550 545 3605 editione
563 3552 688 3619 desunt.)

167 3660 311 3673 Π*

167 3712 213 3841 id)
224 3714 301 3771 Psal.
311 3713 354 3771 24.
382 3712 430 3780 ††)
444 3714 540 3767 Imber
551 3712 722 3781 matutinus,
734 3712 885 3767 serotinus.
907 3710 973 3779 ffi)
985 3710 1033 3763 Za·
