2584 4267
260 266 262 273 ,
349 280 533 364 'Johelio
555 296 740 381 prophetae.
867 312 874 319 ·
1001 300 1046 365 99

122 481 175 557 est,
196 474 277 555 quod
292 459 394 541 nostri
415 475 593 557 prophetoe
608 475 671 542 sui
675 472 788 541 erroris
811 474 1048 557 patrocinum

125 584 160 627 er
178 564 234 631 hoc
253 569 346 629 textu
368 570 491 649 petent,
515 583 591 627 cum
612 563 727 627 dicunt
743 563 945 649 cespititium
959 584 1047 628 seno-

124 660 185 717 tum
204 646 349 728 habere,1
377 658 409 717 ct
430 659 575 735 oportere
592 671 780 736 quenquam
792 652 945 733 spiritum
960 672 1047 717 sene

124 748 190 893 tumt
204 742 330 817 sentire,
354 742 413 824 qui
435 747 546 807 tamen
568 741 720 825 spiritum
743 740 890 807 nondum
911 740 1048 808 dechta-

124 825 418 905 nmt'JQuibus
393 850 439 895 sic
454 836 504 895 est
517 828 795 916 respondendum:
818 829 985 898 Nonsetis
998 836 1050 897 est

124 918 228 985 hebere
253 918 405 1002 spiritum
430 918 596 1002 infusum,
622 916 787 1003 siquidem
815 919 887 984 hoc
906 919 968 983 tibi
989 920 1050 984 soli

54 1058 60 1072 .
124 1006 255 1095 prodest,
226 1006 345 1071 tsed
367 1007 508 1071 ostensio
530 996 563 1071 et
585 1008 700 1071 effusio
722 1007 854 1092 spiritus
877 1014 927 1072 est
948 1008 1049 1074 mani·

124 1092 259 1160 feotmde
289 1100 328 1159 et
364 1096 474 1181 pelam
511 1094 720 1171 declaranda,
759 1101 797 1161 ut
833 1096 940 1161 omnis
977 1117 1049 1161 caro

124 1183 230 1261 rideat,
265 1182 354 1268 quod
385 1204 463 1263 pum
497 1204 564 1251 non
593 1183 732 1271 possint,
764 1184 853 1249 siout
880 1204 1051 1266 uunquam

123 1278 269 1353 poterunt
298 1256 419 1337 nostri'
457 1268 668 1375 Qunam
687 1280 844 1338 maneant
880 1273 1051 1338 nobiseum

122 1360 259 1465 discipuli
280 1382 390 1427 secrete
413 1362 606 1448 scriptiuee,
628 1361 687 1443 qui
709 1362 781 1426 iem
796 1362 896 1445 edium
918 1362 1050 1448 spiritus

122 1450 213 1515 sancti
233 1450 462 1515 revelationem
482 1471 551 1515 non
565 1450 724 1515 habemus
738 1470 839 1532 quam
858 1451 1051 1535 scripturam

122 1558 248 1616 sacrem,
255 1565 258 1571 ·
279 1545 312 1603 et
340 1560 408 1607 non
437 1540 606 1609 insinuent
634 1558 757 1626 novum
785 1539 951 1621 quoddam
978 1539 1050 1609 doc

52 1625 57 1634 '
122 1626 212 1709 trinae
235 1647 354 1709 genus,
386 1628 475 1714 quod
502 1648 537 1693 se
563 1627 684 1715 spiritu
704 1620 818 1693 sancto
847 1630 1040 1697 auctorein

122 1705 240 1782 succro
276 1717 407 1797 fingunt
408 1720 460 1799 .††
527 1716 672 1785 christus
716 1718 805 1782 enim
841 1718 1048 1784 instituturus

123 1824 231 1871 nouum
245 1798 460 1889 praedicandi
483 1824 584 1886 genus
606 1826 674 1872 uon
696 1812 770 1887 aget
784 1798 867 1868 id⁸
857 1826 893 1869 m
907 1806 1048 1876 tenebris

123 1899 171 1957 cut
190 1894 224 1960 in
237 1894 339 1959 corde
362 1894 460 1959 unius
483 1900 540 1963 eut
562 1894 692 1960 alterius
708 1894 877 1960 cuiusdam
895 1892 1046 1972 hominis,

123 1981 171 2045 sed
184 1988 300 2067 -uperto
322 1983 415 2063 signo
438 1981 628 2059 declarabit,
659 2002 700 2046 ne
729 1982 833 2065 possit
861 1980 902 2046 de
930 2003 969 2047 oo
992 1983 1047 2054 du·

122 2068 215 2148 bituri,
237 2071 271 2136 id
295 2071 383 2153 quod
405 2071 441 2147 in
462 2068 719 2153 promulgatione
741 2072 817 2137 novi
838 2071 927 2143 illius
947 2073 1046 2153 regni,

121 2157 156 2221 dc
187 2180 250 2241 quo
282 2160 338 2224 hic
371 2158 589 2243 prophetetur,
625 2155 795 2241 praestitit
840 2161 891 2223 De,
922 2180 987 2244 quo
1016 2168 1049 2225 et

123 2248 263 2327 gloriatur
295 2246 444 2313 Petrusi‘*
477 2268 552 2313 cum
585 2246 707 2330 inquit:
746 2248 845 2313 Misso
879 2247 919 2313 de
953 2248 1048 2313 caelis

122 2337 226 2419 spiritu
247 2344 358 2406 sancto
379 2332 462 2405 etc·4
563 2410 564 2413 ,

123 2580 154 2633 tri
169 2582 184 2635 1
200 2502 230 2579 ·)’
245 2509 521 2581 Contreprophetes
534 2515 698 2567 nostrorum
709 2516 880 2581 temporum.
906 2510 948 2580 ”)
962 2512 986 2566 1.
999 2512 1048 2567 Pe

201 2759 228 2828 1)
247 2761 408 2817 secundum
430 2760 653 2829 promissionem
676 2759 796 2815 Johelis
834 2759 890 2814 Sed
914 2758 1048 2813 homines

123 2826 270 2887 dementati
300 2847 360 2887 non
382 2831 497 2901 vident,
528 2832 701 2914 prophetem
729 2829 809 2897 loqui
830 2830 867 2884 de
893 2830 1050 2884 manifesta

124 2901 231 2968 spiritus
256 2902 412 2973 effusione,
440 2903 498 2971 ipsi
522 2906 620 2957 eutem
647 2901 782 2970 spiritum
808 2916 894 2955 suum
918 2899 1050 2956 nondum

124 2970 301 3055 declararunt.
338 2946 433 3042 Queie
450 2973 493 3030 sio
510 2974 553 3029 eis
571 2977 616 3029 est
633 2971 877 3041 respondendum,
894 2970 973 3039 quod
990 2986 1050 3025 non

124 3043 185 3097 setis
124 3048 241 3099 seest
252 3044 356 3113 dicere,
368 3044 476 3099 habere
488 3060 520 3099 se
532 3044 668 3112 spiritum
679 3044 809 3098 infusum
821 3058 884 3111 sqq
911 3040 940 3110 2)
952 3042 1049 3098 deest:

124 3115 204 3169 nostn'
220 3117 390 3183 prophetae
426 3114 455 3183 3)
474 3114 570 3170 deest:
578 3114 627 3170 id.
664 3112 694 3181 4)
713 3114 770 3169 Sed
786 3111 920 3183 haecffi
938 3118 1050 3169 senten·

123 3182 159 3237 tis
180 3202 346 3270 quanquam
371 3202 432 3243 uon
458 3186 534 3243 mele
561 3189 617 3255 est,
649 3200 710 3239 non
718 3189 835 3246 temen
863 3184 981 3254 propria
1004 3189 1050 3241 est

123 3252 199 3312 huius
216 3258 284 3327 loci,
309 3256 361 3311 sed
379 3256 554 3312 catachresis
571 3256 722 3325 quaedum
759 3256 854 3321 Quare
871 3272 925 3311 nos
943 3256 1050 3326 simpli

126 3324 177 3383 1111
164 3300 646 3455 111111111111111111111
663 3325 947 3467 1111111111
964 3328 1052 3458 stit

176 3414 277 3455 umsr
520 3415 592 3453 crim
608 3415 630 3453 n
984 3415 1000 3455 e

164 3469 283 3537 rpliciter
294 3484 383 3573 super
394 3486 510 3525 omnem
521 3484 645 3539 carnem,
657 3413 697 3524 lid
708 3471 762 3538 est,
780 3485 881 3525 omnes
893 3469 1051 3538 credentes,

201 3627 230 3697 †)
240 3588 390 3684 Reiutetio
399 3628 568 3683 lactantium
578 3628 699 3698 spiritus
709 3588 892 3685 infusionem.
903 3628 952 3697 ††)
962 3628 1051 3695 Scrip

164 3700 339 3827 rostipizelatio
356 3699 484 3768 spiritus
510 3701 611 3805 sensti.
640 3699 710 3770 Τῇ)
729 3701 874 3799 Germane
891 3700 977 3753 huius
996 3698 1052 3801 loci
1092 3723 1095 3725 v

859 3858 891 3911 72
