2584 4267
39 278 45 443 t

39 648 44 829 t

105 1044 111 1053 '
159 1070 232 1195 n
256 1070 452 1150 roman
479 1064 916 1149 corarnnrrmarus.¹

104 1384 108 1393 ’
176 1392 243 1467 Quo
265 1388 429 1477 tempore*
448 1387 537 1457 J0e1³
564 1394 772 1457 concionatus
795 1393 846 1470 sit,
870 1392 943 1457 ideo
963 1392 1018 1457 du·

97 1483 212 1560 biano,
243 1484 320 1564 quia
348 1483 384 1545 in
413 1482 506 1553 titulo
534 1483 658 1545 nuliam
687 1502 799 1563 regum
821 1484 1020 1547 mentionem

97 1568 172 1636 facit
209 1572 251 1635 Et
273 1578 385 1636 tamen
408 1571 623 1635 consideranti
645 1572 831 1653 diligentius
854 1592 1018 1653 argaman«

98 1664 158 1724 tum
178 1681 242 1725 non
264 1662 357 1725 leves
373 1661 572 1725 coniecturae
595 1680 628 1724 se
648 1662 796 1739 offerunt,
820 1681 901 1741 quas
920 1662 1020 1725 secuti

98 1756 276 1826 statuamus,
308 1770 383 1813 cum
412 1758 486 1831 post
508 1749 638 1812 Esaiam
667 1750 799 1826 vixisse,
830 1770 868 1812 ac
890 1750 1021 1813 Esaiam

98 1844 165 1902 natu
185 1839 339 1902 maiorem
363 1838 470 1902 fuisse.
509 1838 616 1901 Primo
632 1838 720 1912 enim
743 1859 810 1901 non
831 1839 909 1902 facit
930 1838 1021 1917 regni

98 1927 207 1991 Israelis
229 1926 438 2003 mentionem,
463 1926 546 1991 sicut
565 1927 663 1990 Oseas
686 1934 718 1991 et
740 1926 861 1990 Esaias.
883 1998 886 2001 ⁴
907 1927 1021 2007 Itaque

99 2015 128 2079 id
148 2017 183 2079 ab
204 2014 336 2097 Assyrio
359 2015 425 2079 iam
447 2022 625 2092 vastatum,
654 2022 687 2079 et
708 2015 821 2078 decem
842 2015 945 2079 tribus
968 2015 1020 2078 ab·

100 2102 196 2169 ductas
229 2104 430 2183 arbitramur,
470 2124 545 2168 cum
578 2104 650 2168 Jcel
687 2104 792 2186 coepit
829 2103 1020 2168 concionari.

100 2192 206 2259 Deinde
228 2192 347 2258 diserte
376 2194 518 2258 ostendit
544 2214 578 2258 se
608 2192 648 2257 de
671 2193 818 2257 vastitate
841 2213 898 2275 per
920 2192 1020 2273 Baby·

102 2281 191 2347 Ionios
212 2283 332 2360 futura,
356 2290 389 2347 et
411 2283 451 2346 de
474 2283 561 2347 tribu
583 2280 671 2346 Juda
690 2282 791 2363 loqui.
929 2357 935 2368 ¹

109 2390 112 2399 ⁴
173 2371 263 2436 Facit
285 2371 373 2439 enim
396 2372 594 2436 mentionem
621 2369 738 2435 domus
767 2370 907 2447 domini,
939 2390 1021 2451 quae

101 2464 211 2525 tantum
233 2460 269 2524 in
291 2461 471 2525 Jerusalem
493 2460 564 2537 fuit
589 2480 626 2523 ac
649 2460 728 2524 dicit
749 2460 906 2525 interiissc
929 2460 1020 2523 sacri-

102 2544 193 2612 ficium
228 2557 262 2615 et
299 2548 497 2614 libationem.
556 2549 626 2613 Etsi
659 2549 757 2630 igitur
790 2569 879 2630 reges
916 2548 1021 2611 nullos

103 2639 243 2715 nominat,
274 2638 442 2702 tamenin
465 2639 633 2720 postremis
656 2638 790 2702 Histriae
812 2637 1020 2719 temporibus,

106 2730 151 2788 aut
169 2728 226 2792 sub
250 2726 399 2791 Manasse
422 2727 539 2792 vixisse
562 2747 637 2791 eum
660 2728 849 2790 iudicamus.

174 2810 285 2891 Quod*
328 2822 436 2880 autem
478 2816 520 2879 ad
564 2822 790 2898 argumentum
831 2814 1022 2879 concionum

104 2900 185 2969 Joelis
208 2906 339 2982 attinet,
369 2906 435 2968 fere
457 2905 546 2973 idem
568 2913 630 2982 est,
662 2904 749 2986 quod
772 2904 887 2980 Oscae,
911 2904 1020 2980 Amos,

103 2996 129 3053 et
150 2992 267 3058 Esaiae.
312 2994 455 3058 Minatur
484 2994 572 3056 enim
601 2993 813 3058 vastationem
841 3012 899 3075 per
920 2991 1021 3073 Baby-

104 3077 210 3145 lonium
231 3082 388 3159 futurum,
413 3103 450 3146 ac
472 3084 618 3147 hortatur
640 3082 782 3146 studiose
803 3081 844 3146 ad
859 3081 1021 3164 poeniten-

104 3166 167 3231 tiam
187 3178 219 3235 ct
241 3172 427 3237 orationem.
462 3170 553 3234 Haec
576 3171 663 3234 enim
679 3178 727 3235 est
741 3190 853 3235 verum
868 3171 1020 3251 assylum,

106 3296 299 3313 Q—

180 3361 206 3429 1)
224 3364 380 3431 Inscriptio
398 3364 429 3416 In
447 3366 527 3417 tomo
545 3363 595 3418 IV.
614 3364 731 3417 Ienensi
753 3363 825 3417 haec
849 3366 908 3418 est:
933 3361 1023 3417 0οΜ-

168 3432 307 3504 IIARIVS
346 3434 385 3486 ·D.
421 3434 461 3487 M.
497 3434 529 3486 L¹
570 3434 612 3487 IN
647 3433 798 3505 JOELEM
839 3434 1022 3506 Prophetam,

168 3502 297 3559 .XLVII.
317 3502 590 3559 ARGVMENTVM
612 3504 654 3557 IN
671 3504 822 3559 JOELEM
840 3505 1022 3576 Pr0phetam,

164 3574 182 3626 I.
200 3575 230 3628 L.
266 3574 295 3643 2)
314 3575 381 3629 Ed:
402 3576 465 3641 Quo
483 3580 611 3643 tompore
629 3576 735 3629 vixerit
752 3576 823 3629 Joel.
854 3577 940 3631 Witt:
960 3578 1024 3641 Quo

164 3660 217 3709 rore
234 3646 297 3700 Joel
315 3646 429 3701 vixerit.
466 3645 495 3711 3)
515 3644 585 3700 1547
603 3646 718 3711 legitur:
744 3646 842 3701 Oseas.
878 3644 907 3712 4)
926 3645 979 3698 Ed.
999 3646 1023 3697 ta

165 3730 171 3793 :¹
185 3717 391 3783 Argumentum
403 3718 571 3773 concionum
583 3714 602 3769 J
602 3718 681 3771 oeh’s.
709 3717 795 3771 Witt:
815 3718 1024 3782 Argumentum

177 3801 257 3841 anum
275 3790 342 3844 Ioel.
