2584 4267
490 304 616 370 198
1115 305 1321 386 Caput
1369 306 1725 370 secundum

487 481 695 548 carnis
738 480 1173 545 imbecillitate
1219 482 1359 546 fieri
1403 490 1634 565 potest.
1685 485 1906 546 -Haee
1958 482 2234 546 demum
2278 490 2368 545 est

487 590 636 633 vera
679 569 786 632 dei
829 570 1077 648 notitia,
1125 589 1327 651 quam
1372 572 1486 652 qui
1528 572 1792 648 habent,
1841 591 1994 634 cum
2034 575 2219 633 certa
2260 589 2367 652 spe
2496 538 2503 653 1

488 658 684 722 deum
726 658 1049 724 invocant.
1128 660 1297 734 Quia
1338 660 1517 722 enim
1545 660 1755 723 filium
1799 660 1882 723 ab
1927 679 2008 722 eo
2057 657 2362 722 donatum
2496 661 2503 675 ¹

486 746 709 811 vident
723 797 737 824 ‚
799 746 882 810 de
938 748 1335 828 benignitate
1397 749 1536 812 eius
1591 769 1705 813 cur
1758 747 2069 812 dubitent
2115 767 2363 810 causam

486 836 746 918 penitus
803 837 1051 900 nullam
1103 838 1350 900 habent
1363 887 1377 914 ,
1449 857 1531 900 ne
1589 836 1855 919 quidem
1908 841 2188 920 peccata
2218 854 2365 899 sua.

484 926 738 989 Norunt
781 925 958 987 enim
1002 944 1117 1006 per
1160 926 1373 1000 filium
1400 925 1507 989 dei
1537 946 1616 989 ea
1656 947 1796 990 esse
1840 926 2130 1009 expiata.
2203 925 2370 986 Sicut

486 1020 705 1077 autem
749 1013 975 1077 Iudaei
1016 1013 1349 1078 habebant
1371 1014 1886 1097 ‘promissionem
1915 1013 2263 1079 exauditos
2303 1031 2367 1075 se

483 1103 565 1171 iri
580 1152 594 1180 ‚
644 1103 700 1166 si
743 1102 829 1165 ad
872 1103 1191 1185 templum
1236 1109 1446 1181 orent,
1508 1105 1579 1166 in
1624 1123 1756 1185 quo
1800 1104 1961 1168 deus
2010 1123 2083 1167 se
2128 1101 2362 1165 habita·

488 1199 707 1255 turum
750 1191 1147 1274 promiserat,
1193 1192 1287 1255 ita
1331 1212 1451 1256 nos
1495 1193 1991 1275 promissionem
2029 1191 2363 1265 habemus,

487 1299 619 1343 non
687 1280 768 1343 de
834 1281 1176 1363 temporali
1241 1281 1459 1362 aliquo
1525 1282 1666 1346 loco
1682 1330 1698 1359 ,
1778 1282 1892 1362 sed
1958 1282 2034 1343 in
2111 1278 2365 1342 nomine

488 1368 725 1432 Christi
741 1418 756 1446 ,
818 1369 986 1433 sicut
1038 1365 1265 1432 dicit12
1337 1371 1551 1433 Amen
1567 1420 1582 1447 ,
1641 1372 1854 1433 Amen
1868 1419 1884 1447 ,
1956 1369 2109 1432 dico
2171 1365 2361 1441 vobis,

488 1457 797 1538 quicquid
861 1457 934 1518 in
1001 1459 1263 1521 nomine
1330 1478 1477 1521 meo
1534 1458 1846 1540 petieritis
1859 1508 1873 1535 ,
1944 1464 2137 1540 pater
2190 1473 2363 1518 meus

486 1543 670 1608 dabit
726 1544 927 1610 vobis.
1033 1546 1213 1632 Haec
1268 1546 1468 1627 igitur
1534 1546 1665 1610 duo
1733 1554 2031 1611 oraturus
2101 1545 2224 1610 tibi
2285 1542 2363 1604 ob

486 1633 702 1696 oculos
759 1653 929 1716 pone
943 1683 959 1711 ,
1029 1641 1105 1698 ut
1162 1635 1402 1715 cogites
1469 1636 1754 1718 primum
1770 1685 1784 1712 ‚
1856 1655 2058 1716 quem
2128 1633 2355 1706 adores5

486 1720 721 1784 deinde
774 1721 973 1785 etiam
1021 1724 1516 1804 promissionem
1558 1725 1889 1789 intuearis.
1964 1725 2090 1787 ‘Ita
2142 1721 2355 1784 excita-

484 1811 661 1874 bitur
706 1811 962 1876 animus
980 1861 994 1888 ,
1056 1818 1135 1875 ut
1192 1813 1264 1876 in
1307 1813 1436 1876 fide
1482 1820 1656 1877 certa
1699 1833 1870 1890 ores,
1927 1813 2058 1876 hoc
2098 1817 2230 1893 est,
2290 1812 2358 1869 ut

486 1905 656 1963 certo
712 1900 933 1964 credas
992 1901 1348 1966 obventura
1400 1920 1565 1982 quae
1623 1903 1810 1984 petis,
1905 1896 2358 1983 complectitur

486 1995 705 2052 autem
759 1989 920 2052 haec
976 1989 1108 2053 duo
1176 1990 1492 2073 propheta
1555 1991 1630 2054 in
1705 1989 2013 2054 vocabulo
2096 1982 2353 2058 domini,

486 2095 637 2139 cum
682 2079 967 2159 appellat
1007 2098 1233 2144 verum
1277 2085 1344 2142 et
1387 2085 1722 2143 aeternum
1778 2078 2002 2155 deum,
2070 2097 2202 2161 quo
2255 2091 2351 2136 110·

485 2165 661 2229 mine
706 2186 841 2229 non
875 2186 1016 2231 uno
1058 2167 1131 2229 in
1174 2168 1314 2231 loco
1358 2167 1528 2230 filius
1573 2167 1681 2231 dei
1725 2168 2107 2250 appellatur.
2303 2167 2307 2170 ’

664 2255 955 2318 Verbum
1006 2250 1304 2321 Chusah²
1369 2256 1699 2339 aptissime
1758 2256 2117 2333 subiicitur,
2176 2246 2351 2331 signi-

486 2341 636 2404 ficat
690 2348 909 2406 autem
963 2363 1218 2424 parcere
1274 2349 1342 2407 et
1393 2345 1699 2408 misereri.
1802 2345 2031 2426 Itaque
2092 2336 2356 2407 includit

485 2429 771 2510 primum
824 2431 1293 2494 confessionem
1350 2433 1595 2513 peccati
1610 2483 1625 2511 ‚
1688 2454 1762 2496 ac
1817 2434 1873 2498 si
1930 2433 2139 2497 dicat:
2198 2444 2350 2510 quae

486 2517 789 2599 patimur,
836 2518 974 2582 iure
1020 2519 1324 2601 patimur.
1403 2522 1650 2585 Deinde
1681 2521 1878 2586 etiam
1906 2522 2136 2586 veniae
2181 2533 2348 2600 spem

488 2605 946 2687 complectitur,
1023 2608 1251 2671 tribuit
1323 2609 1500 2672 enim
1575 2610 1696 2674 deo
1771 2611 1898 2695 tale
1974 2630 2104 2690 cor,
2190 2600 2346 2687 quod

487 2695 720 2758 nostris
784 2696 975 2760 malis
1041 2717 1175 2760 non
1243 2696 1608 2776 delectetur,
1681 2699 1795 2762 sed
1861 2698 2048 2763 malit
2106 2709 2349 2782 parcere

486 2801 685 2864 quam
728 2785 977 2867 punire.
1070 2785 1446 2851 Ostenditur
1489 2793 1708 2850 autem
1751 2786 1869 2851 hic>
1916 2807 2184 2878 quoquex
2220 2799 2352 2846 con·

486 2871 645 2936 ditio
664 2922 679 2950 ,
741 2894 906 2955 quae
950 2875 1023 2938 in
1068 2875 1355 2939 oratione
1402 2875 1754 2939 admodum
1800 2877 2158 2940 necessaria
2200 2859 2343 2936 est-⁸

485 2962 873 3044 Priusquam
917 2965 1095 3027 enim
1141 2963 1388 3044 aliquid
1431 2970 1614 3048 petas
1634 3014 1648 3041 ‚
1697 2985 1960 3029 necesse
2002 2972 2102 3030 est
2119 3015 2134 3043 ,
2181 2967 2254 3026 ut
2292 2962 2351 3021 te

486 3069 702 3112 coram
760 3051 881 3115 deo
936 3052 1241 3116 humilies
1260 3102 1275 3130 ,
1344 3058 1422 3116 ut
1473 3053 1636 3116 serio
1674 3073 2002 3134 *agnoscas
2022 3103 2036 3132 ‚
2107 3060 2172 3118 te
2223 3063 2350 3112 esse

486 3145 886 3218 peccatorem
932 3148 997 3203 et
1040 3141 1386 3222 indignum
1428 3142 1546 3226 qui
1591 3143 1886 3224 accipias,
1931 3143 2036 3206 vel
2072 3137 2350 3225 postules

485 3225 871 3288 beneficium
917 3247 959 3290 a
1000 3228 1139 3306 deo,
1186 3231 1258 3292 in
1304 3249 1500 3310 quem
1544 3236 1682 3310 tarn
1725 3231 1898 3293 varie
1943 3251 2058 3313 per
2102 3240 2348 3295 omnem

485 3313 687 3376 vitam
743 3317 1119 3395 peccaveris.
1211 3319 1402 3381 Hanc
1456 3319 1975 3382 humiliationem
2042 3320 2200 3384 deus
2249 3331 2346 3396 po·

487 3401 684 3465 stulat
750 3409 814 3466 et
870 3411 1135 3468 vocatur
1200 3407 1326 3470 alio
1396 3408 1658 3471 nomine
1706 3407 1922 3471 timor
1980 3407 2104 3472 dei.
2196 3405 2328 3467 Curr

484 3491 610 3553 hoc
655 3491 723 3553 si*
754 3499 977 3573 postea
1020 3493 1217 3559 fidem
1264 3496 1692 3574 coniunxeriS,
1740 3497 1832 3560 sic
1860 3497 2121 3561 invocas
2165 3495 2320 3559 deun

664 3701 719 3768 1)
757 3703 909 3758 ren:
948 3704 1145 3756 10a1m.
1187 3703 1271 3758 16.
1347 3703 1403 3774 2)
1441 3706 1594 3760 122:
1636 3687 1890 3763 chu'sah.
1963 3705 2021 3773 3)
2061 3695 2328 3771 Quomodc

484 3773 779 3827 orandum.
1694 3781 1699 3783 ’
2311 3791 2317 3794 ·
