2584 4267
503 257 628 321 154
1169 256 1378 338 Caput
1420 256 1706 338 primum

497 434 783 516 plurium
827 433 1184 511 intereunt,
1240 434 1432 498 multi
1476 455 1610 497 non
1655 435 2355 499 animadvertentesm
2295 435 2307 447 ⁵
2359 467 2375 479 -

496 522 841 587 volvuntur
893 522 1287 602 gravissimis
1343 524 1640 604 peccatis.
1734 527 1974 587 Verum
2034 523 2223 583 enim
2267 531 2375 595 est

499 610 675 692 quod
721 630 982 691 graecus
1026 611 1222 675 Poeta
1266 611 1453 675 dicit:
1504 609 1842 691 ἐμέθυον
1890 607 2082 695 {mvi}
2135 607 2375 695 πρόφα-

498 714 596 770 σις
654 694 748 771 εἰς
805 692 917 763 θ’(
877 694 1284 785 αμαρτάνειν.
1377 700 1670 764 Ebrietas
1729 703 1902 763 enim
1962 723 2106 763 111111
2169 703 2375 763 minus

499 788 792 851 animum
851 808 1050 870 quam
1117 808 1348 870 corpus
1415 796 1724 854 exarmat.
1838 791 2070 871 ltaque
2147 807 2379 851 nocens

498 877 702 941 hostis
771 882 836 941 et
901 877 1143 958 ubique
1209 878 1481 943 insidias
1548 898 1830 962 ponens
1910 883 2050 943 sine
2126 879 2375 955 uegetas

499 966 778 1030 ebriosos
847 966 1084 1045 quibus
1149 967 1290 1032 vult
1356 967 1545 1031 malis
1612 969 1914 1032 cumulat.
2014 971 2122 1031 Ae
2195 971 2379 1027 restat

497 1060 722 1136 postea
778 1056 1034 1134 gravius
1077 1056 1358 1133 malum,
1417 1057 1619 1137 quod,
1680 1067 1754 1119 ut
1798 1059 2038 1119 Paulus
2102 1051 2367 1135 i1z1trl11it,1

499 1143 736 1207 ebriosi
780 1163 1053 1223 regnum
1097 1144 1204 1207 dei
1248 1165 1383 1207 non
1427 1145 1870 1227 possidebunt.
1962 1147 2114 1207 Non
2179 1143 2375 1207 1111111111

497 1232 694 1312 igitur
736 1232 1047 1312 fugienda
1075 1234 1349 1297 ebrietas
1395 1240 1509 1311 est,
1543 1234 1676 1311 sed,
1709 1243 1782 1299 ut
1814 1235 2110 1295 Christus
2147 1239 2375 1303 menet.

497 1321 759 1400 vigilare
806 1327 871 1384 et
914 1342 1090 1385 orare
1137 1322 1448 1385 debemus
1492 1322 1742 1403 iugiter,
1806 1343 1890 1383 ne
1945 1323 2267 1383 intremus
2311 1319 2375 1379 111

499 1410 940 1472 tentationem.

687 1491 942 1561 ²Habes
1001 1498 1325 1578 quomodo
1385 1519 1597 1563 sacrae
1650 1500 1870 1563 literae
1930 1499 2010 1563 de
2070 1499 2371 1563 ebrietate

501 1585 975 1662 concionentur,
1019 1588 1193 1653 futile
1253 1594 1473 1651 autem
1530 1595 1628 1653 est
1678 1587 2090 1651 considerare
2139 1587 2375 1663 reliqua

502 1692 757 1755 quoque
789 1673 1067 1757 corporis
1099 1683 1164 1739 et
1193 1677 1600 1741 fortunarum
1627 1677 2058 1740 incommoda.
2131 1675 2371 1739 Suffitas

501 1769 566 1825 et
623 1763 911 1827 exitiales
969 1766 1228 1830 morbos
1281 1766 1454 1847 parit
1506 1766 1806 1843 ebrietas
1878 1787 2114 1847 eorpus
2175 1761 2375 1827 reddit

500 1851 798 1933 ineptum
866 1852 1062 1918 etiam
1131 1854 1213 1917 ad
1279 1854 1637 1919 levissimas
1704 1875 1962 1935 operas
2042 1851 2367 1935 ingenium

501 1940 762 2021 penitus
807 1941 1040 2020 obruit,
1088 1949 1154 2007 et
1197 1944 1288 2020 fit,
1338 1948 1430 2019 ut,
1457 1944 1655 2006 sicut
1698 1944 1938 2007 Seneca
1982 1943 2164 2019 dicit
2227 1939 2371 2003 vitia

501 2029 655 2092 vino
722 2038 1032 2113 concepta
1089 2033 1286 2095 etiam
1352 2026 1531 2095 sin0³
1610 2032 1758 2095 vinc
1830 2031 2082 2095 durent
2191 2031 2367 2091 Recte

501 2118 698 2197 igitur
754 2120 1148 2201 Pythagoras
1209 2121 1583 2184 ebrietatem
1642 2114 1750 2203 τῆς
1810 2119 2046 2199 navtur
2106 2115 2367 2199 μελέτην

507 2206 690 2270 dixit.
796 2209 939 2271 Hoc
1007 2210 1182 2271 enim
1249 2210 1515 2273 ebriosis
1582 2210 1846 2283 accidit,
1922 2215 1998 2271 ut
2066 2211 2367 2291 perpetuo

505 2295 845 2359 videantur
875 2297 1187 2358 insanire.
1281 2299 1377 2359 De
1424 2297 1734 2379 Sophocle
1782 2303 2070 2375 narrant,
2126 2295 2367 2359 stitun]

509 2402 658 2444 eum
687 2383 1150 2464 reprehendere
1182 2385 1265 2447 ob
1295 2393 1675 2468 perpetuam
1708 2387 2082 2448 ebrietatem
2106 2383 2367 2459 Aeschy-

504 2470 661 2532 lum.
777 2472 918 2533 Etsi
986 2471 1192 2549 enim,
1263 2474 1509 2555 inquit,
1579 2475 1782 2539 bonos
1854 2475 2074 2539 scribit
2145 2487 2367 2543 versus,

506 2563 725 2621 tamen
769 2559 1030 2623 laudem
1073 2568 1354 2626 meretur
1397 2564 1672 2641 nullam,
1722 2563 1878 2643 quis.
1922 2567 2215 2627 nesciens
2259 2559 2371 2623 1:11]ss

506 2647 679 2710 facit
771 2650 951 2713 Haec
1009 2650 1185 2713 enim
1242 2654 1591 2716 recitantur
1648 2653 1786 2715 eius
1846 2647 2207 2715 110111111εὲ
2271 2639 2367 2711 καὶ

506 2736 729 2801 δέοντα
773 2743 963 2801 ποιεῖ
1003 2730 1146 2802 ἄλλ
1192 2734 1310 2803 οὐκ
1354 2736 1538 2813 εἷδως
1580 2762 1669 2821 γε.
1762 2743 1926 2803 Vere
1986 2743 2163 2803 enim
2223 2731 2368 2799 ebrii

505 2826 671 2890 sicut
713 2828 906 2893 bruta
948 2828 1087 2892 sine
1117 2836 1335 2892 mente
1379 2836 1551 2907 sunt,
1585 2850 1718 2892 non
1746 2839 2022 2911 possunt
2050 2827 2367 2891 mandere

502 2917 795 2980 animum
838 2919 910 2981 in
955 2916 1187 2982 seriam
1233 2918 1315 2982 de
1346 2920 1645 2998 gravibus
1676 2919 1866 2983 rebus
1906 2919 2363 3023 cogitationem

501 3005 567 3067 Si
628 3007 790 3085 quid
845 3006 1042 3086 igitur
1093 3013 1262 3072 recte
1316 3008 1591 3085 faciunt,
1652 3008 1729 3070 fit
1784 3011 1906 3071 hee
1966 3011 2175 3111 magis
2227 3019 2363 3067 11111111

499 3113 613 3155 8011
688 3095 950 3157 fortuna
1025 3114 1224 3175 quam
1298 3096 1646 3174 industria,
1726 3119 1891 3175 quae
1966 3099 2039 3158 in
2114 3091 2363 3158 ebriosis

503 3200 763 3260 prorsus
809 3184 988 3245 nulla
1031 3203 1168 3247 esse
1213 3190 1443 3265 potest
1512 3184 1812 3250 Nascitur
1842 3191 2061 3247 autem
2090 3184 2239 3247 inde
2281 3173 2363 3240 rei

505 3268 700 3331 etiam
745 3270 1080 3335 familiaris
1125 3273 1603 3337 detrimentum.
1696 3274 1875 3336 Sicut
1920 3274 2096 3336 enim
2141 3264 2363 3352 Syrach

481 3356 660 3421 ¹dicit
719 3362 832 3422 19:
906 3360 1245 3443 Operarius
1315 3361 1602 3426 ebriosus
1661 3383 1796 3425 non
1862 3360 2361 3443 locupletabitur.

504 3446 652 3509 Non
708 3449 918 3511 solum
970 3451 1116 3515 ideo
1135 3500 1150 3529 ,
1214 3450 1369 3531 quia
1426 3458 1725 3534 sumptus
1784 3452 1917 3513 fere
1962 3450 2226 3514 tolerare
2268 3464 2319 3506 11⁴

505 3730 562 3799 3)
635 3732 645 3744 ·
687 3660 740 3785 1,)
779 3661 926 3715 Ien.:
963 3661 1170 3715 Matth.
1209 3660 1293 3715 26.
1352 3660 1407 3729 2)
1446 3661 1592 3716 Ien.:
1630 3661 1761 3717 Alia
1798 3678 1872 3715 ex
1907 3660 2185 3715 ebrietate
2207 3651 2311 3715 mal

602 3748 683 3786 s1c

2507 3147 2518 3302 ἒ

2504 3320 2518 3435 1
