2584 4267
481 278 582 340 Amos
604 277 789 358 prophetae.
1040 279 1105 342 419
1207 303 1216 321 ·

29 522 34 531 ¹
158 449 261 513 verbo
285 450 338 513 dei
361 457 393 516 et
415 452 537 534 absque
559 453 623 517 fide
638 455 755 531 facitis,
779 460 902 519 vestrae
924 459 1002 517 sunt
1016 453 1104 517 adin·

159 538 353 614 ventioneec
376 539 449 604 ideo
472 541 611 616 nnitlcfle
634 543 742 620 deum,
774 549 807 606 et
829 542 908 606 daus
930 563 996 606 voa.
1042 544 1104 606 Ita·

159 647 226 708 que
249 648 358 692 coram
380 629 440 693 deo
463 631 546 694 nihil
567 632 662 708 valet,
686 633 750 695 nisi
765 631 853 713 quod
867 632 937 714 ipae
952 631 1102 696 instituit.

289 789 332 852 llt
354 789 529 854 sacrificate
550 790 591 854 de
614 791 806 855 fermentato
827 791 967 855 laudem.

176 896 179 902 '
251 896 303 957 Ex
332 896 486 960 hebraeo:
515 897 689 962 incendite.
739 899 839 961 Varia
864 906 956 962 erant
986 899 1101 962 sacrifi-

160 983 284 1047 ciorum
307 981 455 1066 generat
489 993 581 1051 erant
612 987 810 1064 holocausta,
845 988 988 1070 pacifica,
1023 988 1102 1051 item

158 1063 269 1137 votiva
292 1078 324 1137 et
346 1082 533 1160 spontanea,
568 1095 652 1157 quae
686 1097 745 1158 pro
773 1077 948 1156 gratiarum
976 1077 1101 1139 actione

159 1163 386 1226 offerebantur.
432 1162 528 1227 Ideo*
548 1165 603 1228 hic
626 1166 745 1229 rectius
767 1184 895 1229 versum
910 1172 994 1228 esset
1009 1166 1100 1228 sacri·

157 1251 269 1314 ficium
297 1251 412 1316 laudis.
463 1253 601 1318 Flebant
629 1255 719 1317 enim
753 1255 908 1318 sacrificia
936 1253 1014 1317 talia
1040 1273 1100 1334 pro

157 1341 254 1403 certia
276 1340 441 1406 beneficiio
469 1342 504 1405 in
527 1345 704 1424 gratiarum
727 1345 897 1420 actionem,
926 1349 965 1407 ut
990 1348 1039 1405 est
1064 1343 1100 1404 in

156 1429 257 1492 Mose.
305 1429 357 1493 Sic
380 1451 454 1512 ergo
477 1432 592 1513 petivit
619 1432 709 1495 hunc
735 1433 844 1496 locum
873 1431 1032 1515 propheta
1059 1450 1100 1493 ex

156 1517 257 1596 Mose,
283 1539 314 1600 q.
339 1519 389 1581 d.:
412 1520 516 1601 Agite,
541 1521 707 1585 accendite
721 1528 865 1586 vestrum
887 1519 1095 1594 sacrificium3

156 1607 278 1688 egregii
300 1608 420 1671 scilicet
442 1609 630 1686 sacerdotate,
656 1610 713 1691 qui
736 1605 973 1688 fermentant-l
995 1609 1031 1671 in
1051 1629 1096 1671 aa·

155 1695 315 1758 orificium
327 1695 496 1775 adhibetis,
513 1697 548 1760 id
563 1698 652 1779 quod
667 1697 809 1760 maxime
824 1717 934 1762 cavere
949 1698 1020 1760 vult
1033 1697 1095 1759 lex.

154 1785 224 1848 Aut
247 1786 298 1864 (ut
320 1785 363 1848 eit
384 1785 500 1865 ironia)
523 1786 577 1849 hic
600 1788 719 1849 iterum
741 1792 833 1850 notat
850 1785 986 1867 impiam
1002 1786 1097 1848 simu-

153 1873 320 1946 lationem¹
333 1874 422 1955 legis,
447 1873 578 1956 quando
600 1881 711 1938 tamen
734 1875 843 1938 omnia
862 1881 973 1938 contra
994 1875 1098 1954 legem

152 1961 286 2039 fiebant,
310 1983 395 2026 unus
409 1971 486 2028 'erat
508 1985 528 2026 a
550 1963 610 2028 deo
625 1965 841 2048 praescriptus
855 1963 955 2039 locus,
979 1963 1095 2043 inquo

152 2051 285 2116 volebat
299 2053 369 2116 coli.
416 2052 665 2117 Adhibebantur
680 2053 779 2117 etiam
794 2052 978 2116 fermentati
993 2071 1094 2133 panes

152 2141 190 2202 in
213 2139 376 2204 sacrificiis
399 2141 549 2224 pacificia,
574 2142 675 2206 Lavit.
699 2139 836 2220 unffi

323 2298 366 2363 Et
388 2309 498 2366 vocate
521 2303 718 2367 voluntarias
740 2301 928 2394 oblationes.

242 2405 362 2470 Paulus
400 2402 564 2490 apostolus
604 2405 744 2491 ubique¹
788 2409 923 2474 verbum
956 2402 1094 2472 vocandi

152 2495 320 2558 transtulit
340 2498 436 2560 verbo
458 2498 677 2579 praedicandi.
723 2497 775 2562 Ita
802 2504 852 2561 est
879 2498 941 2560 hoc
963 2515 1092 2578 quoque

151 2583 221 2648 loco
244 2583 458 2662 reddendum,
481 2607 513 2668 q.
537 2587 568 2649 d.
593 2587 766 2668 propheta:
789 2587 864 2650 Istis
878 2587 992 2651 vestris
1007 2604 1094 2666 prae-

151 2671 370 2738 dicationibus
403 2674 546 2739 invitatis
576 2676 735 2758 populum
763 2675 805 2736 ad
832 2674 922 2736 illam
944 2680 1092 2749 vestram,

151 2781 253 2842 quam
276 2761 453 2840 instituitia
478 2764 689 2846 impietatem.
751 2775 755 2787 ’

513 2905 729 2982 voluntariae,

151 3003 188 3073 id
204 3017 278 3120 eat:x
289 3007 519 3092 spontaneas²;
543 3011 658 3092 Legale
674 3016 723 3075 eet
737 3009 930 3075 vccabulum
948 3028 989 3071 ex
1003 3008 1093 3070 Mose

242 3167 269 3235 ⁸)
288 3169 396 3236 napa
412 3185 440 3237 p.
459 3168 564 3247 cvm.
582 3167 678 3222 Meci.

242 3325 270 3394 1)
290 3326 397 3395 ubique
423 3329 479 3402 till>
497 3329 618 3383 verbum
637 3326 775 3396 sqq.i·l††
814 3328 851 3380 In
875 3326 1093 3380 collectionibus

168 3397 241 3451 atine
261 3397 340 3451 Kara
359 3398 498 3466 scriptum
516 3403 568 3453 est.
605 3398 634 3466 2)
653 3400 736 3468 11131),
755 3398 845 3465 legale
863 3414 926 3466 sqq.
958 3399 993 3450 In
1012 3398 1093 3452 colle-

160 3468 297 3522 ,tionibus
315 3469 406 3522 latine
424 3469 575 3524 Nedabeth
596 3469 648 3538 [sic
657 3471 674 3539 1]
694 3470 835 3538 scriptum
853 3467 999 3533 est.†i†l†

240 3608 270 3678 †)
289 3609 363 3664 Ien.:
383 3611 591 3665 Sacrificiorum
609 3626 714 3678 genera
730 3612 818 3667 varia.
855 3608 959 3665 vaila:
979 3607 1093 3661 Genera

152 3681 358 3735 sacrificiorum
391 3682 479 3737 varia.
560 3681 608 3750 ††)
645 3681 831 3736 Fermentnm
865 3683 896 3735 in
936 3677 1090 3733 sacrificiis.

164 3751 215 3820 ††)
234 3751 327 3808 Levit.
348 3751 372 3805 7.
387 3809 395 3822 ,
409 3751 493 3822 ††††)
512 3753 597 3807 Kara.
634 3751 737 3820 ††t†l)
755 3752 917 3807 Nedaboth.

876 3841 930 3893 27·
