2584 4267
471 294 706 373 Prolegomena.
850 378 856 383 ,
1014 296 1057 357 45

112 468 273 550 cuiusque
312 471 591 534 commentationis
629 470 797 534 indicatur.
856 472 985 551 Legitur
1022 474 1057 533 in

111 558 211 620 titulo
233 558 373 639 Johelis:
401 559 671 638 ,Vuittembergae
687 560 890 621 MDXXIIII.
908 562 1054 622 cessanti·

111 648 174 708 bus
200 647 403 729 principibus
426 648 577 710 omnibus
600 656 632 710 et
656 666 759 728 neque
783 649 928 728 religioni
951 668 1055 729 neque

111 735 343 815 tranquillitati
352 736 502 817 publicae
518 737 784 810 consulentibus‘;
802 745 834 799 et
849 737 883 798 in
899 738 962 799 fine
976 740 1054 799 eius-

110 823 189 885 dem
221 825 414 905 prophetae:
447 826 717 904 ,Vuittembergae
748 827 782 887 in
810 826 949 906 profesto
976 827 1055 887 Lau-

111 912 210 974 rentii
245 912 461 975 ΜΒΧΧΠΠ.ι
519 915 559 975 In
597 910 690 977 titulo
728 916 903 995 prophetae
938 917 1053 977 Amos:

113 1020 237 1075 ,mense
262 1001 424 1064 decembri
446 1002 672 1077 MDXXHH‘‚.
691 1004 725 1064 in
749 1003 825 1064 fine:
860 1003 1053 1079 ‚MDXXV‘;

111 1091 146 1150 in
169 1090 238 1151 fine
254 1089 395 1152 Abdiae:
423 1091 456 1166 ,1.
482 1091 533 1154 die
553 1091 745 1163 Februarii‘;
769 1092 804 1152 in
828 1092 1053 1153 tituloJonae:

113 1196 239 1253 ,mense
262 1179 399 1241 Martio‘.
439 1178 531 1241 Idem
553 1180 588 1241 in
611 1180 704 1241 titulo
729 1180 882 1255 Micheas,
907 1181 997 1242 cuius
1020 1182 1055 1241 in

111 1266 175 1328 fine
200 1266 397 1330 denotatur:
431 1268 512 1343 ΝΠ.
541 1269 680 1348 Aprilis‘.
735 1269 861 1331 Titulus
892 1270 1055 1347 sequentis

110 1355 291 1436 prophetae
322 1355 363 1417 ad
398 1355 602 1419 delectandos
636 1358 768 1418 lectores
803 1358 1055 1436 preciosissimus

111 1444 264 1510 omnium
285 1444 340 1505 nic
363 1432 426 1507 ta:
452 1445 726 1525 ‚chaaanrssimr
749 1447 848 1525 panis
869 1446 906 1507 u.
924 1446 1055 1507 riarum

111 1532 249 1594 Lutheri
283 1534 378 1596 novi
412 1535 546 1595 mariti
580 1535 828 1597 commentarius
863 1536 897 1595 in
925 1535 1053 1595 Nahum

112 1621 329 1701 prophetam‘,
366 1623 456 1683 cuius
486 1623 521 1683 in
551 1623 630 1684 fine:
670 1625 709 1697 ,4.
734 1623 832 1684 Julii‘.
886 1624 925 1683 In
960 1624 1054 1685 titulo

112 1710 280 1788 sequentis
295 1711 441 1773 Abacuc:
468 1713 529 1787 ,18.
547 1711 646 1786 Julii‘,
672 1719 704 1773 et
723 1713 756 1773 in
773 1712 852 1772 fine:
880 1711 930 1786 ‚ss
947 1714 1053 1789 Augu-

113 1798 180 1870 sti‘3
217 1800 253 1859 in
275 1798 368 1861 titulo
392 1799 589 1879 Sophoniae:
616 1800 713 1874 ,XIV.
739 1799 902 1878 Augusti‘3
934 1800 1052 1886 Aggei:

115 1887 179 1960 ,XL
209 1886 426 1968 Septembris‘.
466 1889 505 1950 In
526 1890 678 1950 Zacharia
700 1888 925 1952 tantummodo
949 1907 1053 1948 annus

113 1974 286 2038 MDXXV:
317 1976 497 2052 denotatur,
528 1976 584 2038 sed
607 1977 700 2039 facile
723 1977 911 2054 intelligitur
935 1996 975 2037 ex
998 1977 1052 2037 cir·
1113 1992 1121 2006 ·

114 2064 203 2126 cuitu
228 2064 415 2141 voluminis,
439 2066 650 2147 explanatum
673 2084 741 2126 esse
765 2064 839 2126 inde
863 2085 882 2125 a
906 2063 1058 2130 Calendis

114 2152 307 2216 Octobribus
330 2172 433 2233 usque
450 2155 491 2216 ad
506 2154 636 2217 initium
653 2154 730 2215 anni
746 2154 942 2229 MDXXVI.,
967 2154 1054 2233 quod

114 2248 280 2321 praeterea
302 2244 455 2324 probatur
478 2263 519 2305 ex
541 2244 725 2306 testimonio
748 2242 865 2303 Poaohi
888 2243 922 2303 in
947 2242 1053 2303 codice

115 2330 296 2409 Oygneensi
319 2332 422 2394 obvio.
462 2332 656 2393 Malachiam
675 2333 822 2393 tractavit
837 2338 910 2393 ante
934 2330 1054 2393 festum

53 2416 56 2419 ’
115 2420 355 2482 resurrectionis
385 2420 570 2482 MDXXVI.
618 2420 680 2482 Sed
710 2421 762 2481 hic
793 2440 852 2481 neo
881 2420 916 2480 in
946 2421 1051 2481 Alten·

52 2576 56 2581 g
114 2506 268 2587 burgensi
291 2528 351 2570 nec
373 2510 408 2569 in
425 2509 605 2588 Cygneensi
627 2508 734 2570 codice
758 2510 921 2588 reperitur.
957 2508 1054 2569 Deest

116 2595 215 2657 etiam
248 2598 282 2657 in
316 2596 565 2677 Altenburgensi
594 2598 707 2672 Oseas,
743 2617 841 2676 quem
876 2616 977 2675 usque
1013 2596 1053 2655 ad

55 2681 57 2686 ’
115 2683 235 2746 festum
247 2684 449 2748 Pentecostes
466 2686 582 2760 finisse,
600 2687 708 2766 paullo
725 2693 798 2765 post
816 2684 1054 2747 resurrectionis

115 2772 236 2835 festum
270 2772 457 2835 MDXXIV.
497 2775 672 2854 incepisse.
692 2775 869 2836 Lutherum
915 2779 1053 2835 statuere

117 2860 163 2922 las
188 2870 249 2936 est,
274 2862 309 2923 id
333 2862 419 2941 quod
443 2870 475 2925 et
498 2883 518 2923 a
540 2863 648 2925 codice
673 2862 850 2942 Cygneensi
874 2862 951 2922 satis
975 2861 1052 2921 dilu-

52 2950 55 2956 '
117 2948 185 3010 cide
220 2949 382 3030 probatur,
422 2953 457 3013 in
492 2971 555 3031 quo
589 2952 705 3013 Oseam
743 2942 906 3031 praecedit
943 2949 1054 3010 concio

116 3037 247 3100 Lutheri
270 3038 322 3101 die
339 3039 501 3103 dominica
516 3040 699 3101 Palmarum
722 3040 833 3101 habita
857 3046 888 3100 et
911 3039 1055 3117 sequitur

118 3127 226 3189 concio
240 3122 302 3189 >die
315 3135 437 3203 ‘octava
460 3135 533 3209 post
555 3129 756 3191 Pentecostes
780 3129 899 3190 habita.

56 3289 59 3302 1
205 3215 294 3278 Licet
316 3236 514 3295 cognoscere,
542 3219 719 3280 Lutherum
743 3237 799 3298 per
822 3217 908 3278 diem
932 3217 1054 3279 circiter

118 3302 238 3365 formae
268 3307 491 3384 quartanariae
525 3307 666 3386 pagellas
701 3312 763 3369 tres
794 3305 960 3386 discipulis
990 3305 1052 3366 dic·

162 3410 183 3452 e
207 3381 336 3456 dolitum
360 3414 442 3470 esse,
475 3414 555 3474 quas
586 3396 613 3456 si
637 3416 656 3455 a
679 3394 771 3456 nobis
795 3393 978 3457 scribendas
1003 3414 1052 3455 ex·

159 3480 330 3544 stularetur
352 3483 437 3545 intra
451 3484 547 3545 horae
563 3484 768 3546 intervallum
788 3483 896 3563 perfici
912 3489 1051 3563 possent.

192 3571 273 3649 quae
303 3571 436 3635 dictavit
465 3572 575 3635 doctor
608 3572 706 3634 modo
737 3578 865 3652 propter
889 3572 1053 3651 temporis

56 3653 59 3662 '
165 3660 299 3745 gustiam
333 3680 463 3741 parum,
501 3661 598 3723 modo
634 3662 661 3722 si
695 3661 765 3723 fieri
801 3660 940 3740 potuerit
981 3658 1053 3738 plus

157 3747 259 3809 atione
281 3768 322 3810 ex
341 3756 485 3831 tempore
509 3770 545 3812 ac
568 3750 724 3812 momenti
747 3750 890 3828 impulsu
906 3748 977 3809 fusa
1001 3744 1052 3806 ad·
