2584 4267
421 304 520 369 Joelis
544 306 729 387 prophetae.
980 305 1045 370 301

116 484 282 565 gehennae,
303 487 438 565 'propter
450 482 661 546 innocentum
683 483 874 562 sanguinem
896 485 1045 563 effirsum,

115 572 331 649 subiicientur,
367 577 400 634 ct
433 591 475 633 ne
509 570 642 651 quidem
670 571 706 634 in
734 573 796 634 hac
824 572 891 636 vita
924 593 1047 655 poenas

115 662 268 742 effugient.
309 660 605 724 SicutIudaeorum
621 660 844 724 tristissimum
860 663 1047 744 exemplum
1104 687 1109 695 ·

114 756 256 827 aratur,
286 749 374 815 varie
404 749 492 811 enim
519 755 708 814 exercentur
738 750 773 813 in
795 751 863 812 ‘hac
899 750 979 828 vita,
1014 757 1048 815 et

114 834 268 921 excipient
289 857 344 902 eos
366 843 514 901 aeternae
537 857 669 919 poenae.

199 923 307 989 1Haec
330 947 397 990 non
420 926 526 989 solum
548 927 724 1009 scripturae
747 927 956 1004 testimoniis,
988 928 1045 992 sed

114 1017 404 1079 etiam'illnstribus
426 1014 584 1097 exemplis
613 1015 761 1098 omnium
789 1022 932 1080 aetatum
962 1035 1045 1079 com·

66 1171 70 1177 ,
113 1107 290 1186 probantur.
337 1104 617 1167 Florentissimum
647 1124 784 1184 regnum
809 1106 1045 1186 Aegyptiorum

114 1193 253 1256 funditus
275 1193 413 1270 interiit,
448 1193 507 1254 filii
533 1192 633 1255 Israel
656 1198 704 1256 ter
725 1199 901 1273 quaterque
924 1193 1047 1256 infoeli-

114 1301 168 1360 ces,
190 1282 257 1345 imo
278 1283 376 1364 plane
398 1280 529 1364 perditi,
554 1281 710 1345 divinitus
732 1281 908 1345 liberantur
930 1288 963 1346 et
985 1301 1047 1345 ser·

114 1377 229 1435 vantur.
275 1370 383 1452 Impia
405 1389 585 1451 synagoga,
616 1369 697 1432 dum
720 1369 884 1452 Christum
912 1378 1048 1434 conatur

112 1461 292 1542 opprimere,
316 1466 349 1524 et
371 1459 441 1522 sine
455 1458 641 1522 discrimine
657 1459 758 1524 saevit
779 1459 911 1541 inpios,
936 1461 1045 1526 everti·

112 1557 158 1612 tur
173 1556 250 1626 tota,
275 1548 408 1612 ecclesia
423 1554 532 1612 autem
547 1547 651 1612 durat.
687 1545 882 1612 Monarchae
896 1549 1045 1626 Romani,

112 1637 182 1701 dum
203 1639 266 1710 hoc
288 1637 431 1701 studiose
454 1643 568 1717 agunt,
598 1643 637 1700 ut
658 1638 845 1719 opprimant
868 1638 1045 1714 ecclesiam,

112 1727 330 1810 opprimuntur
352 1726 425 1808 ipsi.
462 1727 559 1789 Recte
578 1727 678 1806 igitur
701 1732 929 1809 comparantur
950 1727 1046 1788 eccle=

113 1817 170 1878 siae
204 1816 315 1880 hostes
351 1817 446 1879 horto
484 1814 553 1878 sine
591 1834 693 1895 aqua,
711 1833 716 1840 ·
732 1819 765 1877 et
802 1814 923 1890 arbori,
953 1815 1047 1877 cuius

113 1904 181 1967 lolia
202 1903 352 1968 defluunt
374 1904 447 1967 lisa.
472 1898 521 1966 1.²
548 1903 590 1966 ad
611 1909 741 1984 tempus
756 1903 880 1980 florent,
905 1902 962 1965 sed
977 1908 1044 1966 tan·

113 1992 179 2056 dem
200 1994 386 2057 concidunt.
424 1991 567 2056 Ecclesia
585 1998 694 2056 autem
710 2011 792 2073 quae
808 1991 922 2054 similis
946 2010 1046 2054 emor-

113 2087 162 2145 tuo
187 2083 289 2166 stipiti
318 2082 493 2159 iudicatur,
523 2100 597 2146 vere
625 2087 663 2144 ut
692 2081 817 2162 palma,
849 2080 928 2143 dum
957 2081 1046 2145 varie

114 2172 342 2254 calamitatibus
361 2171 533 2253 premitur,
557 2171 697 2250 insurgit
718 2189 776 2251 per
797 2168 932 2234 verbum
955 2170 1046 2250 spiri-

114 2265 160 2322 tus
180 2261 282 2325 sancti
305 2266 417 2324 contra
438 2259 581 2342 pondus,
613 2266 646 2322 ct
676 2278 740 2340 quo
769 2263 900 2339 urgetur
929 2259 1043 2338 magis,

114 2366 147 2412 eo
166 2351 266 2431 magis
290 2368 324 2413 se
348 2354 460 2413 contra
481 2349 601 2412 molem
624 2347 750 2411 attollit.

192 2439 299 2503 Huius
329 2438 486 2520 insperati
520 2443 552 2500 et
584 2433 782 2500 incredibilis
805 2442 938 2500 eventus
962 2455 1049 2516 quae

115 2533 157 2591 est
176 2524 316 2593 causat·
339 2528 429 2606 Haec
452 2526 616 2602 nimirum,
641 2526 728 2606 quod
749 2525 902 2589 'dominus
924 2525 986 2589 hoc
1009 2526 1044 2587 in

114 2613 175 2679 loco
196 2617 293 2682 addit.
340 2614 504 2679 Mundans
534 2634 608 2694 ego,
639 2615 833 2694 sanguinem
858 2634 925 2676 non
952 2633 1043 2676 mun·

118 2702 200 2770 dabo.
244 2703 479 2770 Hebraismum
509 2707 687 2784 agnoscunt
713 2703 843 2781 linguae
865 2701 1049 2764 Hebraicae

116 2795 209 2872 periti.
255 2793 346 2858 Sicut
374 2793 463 2857 enim
491 2793 527 2854 in
554 2792 619 2856 hisv
635 2790 724 2866 locis,
756 2789 936 2852 obiiciendo
967 2790 1045 2853 abii—

118 2880 198 2960 ciam,
221 2882 397 2946 exaudiens
420 2880 603 2958 exaudiam,
627 2878 775 2962 repetitio
799 2879 957 2959 significat
980 2878 1048 2940 exi

116 2970 209 3039 mium
230 2972 376 3036 studium
399 2978 432 3034 et
454 2969 674 3050 diligentiam:
703 2969 754 3030 Ita
782 2968 910 3048 negatio
934 2967 1044 3029 addita

117 3060 287 3141 repetitioni
317 3059 477 3140 significat
504 3064 625 3122 certam
653 3064 685 3120 et
710 3055 948 3120 immutabilem
976 3069 1043 3118 sen-

117 3149 254 3212 antam.
273 3168 277 3176 ·
295 3148 329 3211 Si
362 3147 483 3212 diceret
516 3153 640 3224 textus,
675 3146 838 3208 mundans
867 3145 1048 3222 mundabor

118 3239 343 3313 promitteretur
367 3235 602 3320 perfectissima
630 3235 799 3298 mundatio
828 3234 871 3298 ab
893 3235 1047 3298 omnibus·

117 3325 253 3390 sordibus
275 3333 309 3390 et
330 3325 483 3408 peccatis*
519 3317 632 3387 'Nunc
647 3319 846 3386 autemeam
861 3326 1046 3405 negativam

175 3413 211 3492 it,
233 3416 372 3498 ¹prorsus
397 3420 497 3496 'negat
524 3412 787 3491 mundationem,
825 3419 857 3476 et
886 3413 1048 3494 significat.

179 3585 320 3603 -ὰ-

197 3711 225 3783 1)
242 3715 387 3782 Exempla
404 3714 547 3782 quomodo
565 3715 685 3770 ecclesia
704 3714 742 3768 sit
761 3715 881 3768 servata.
918 3709 946 3779 2)
965 3710 1029 3763 Ien„

175 3787 211 3838 ire
229 3786 252 3840 1.
288 3785 317 3854 3)
336 3787 536 3841 Persecutores
554 3786 690 3849 ccclesiae
708 3785 801 3853 perire
820 3797 937 3839 neccsse
955 3785 1007 3836 est.
