2584 4267
204 259 269 320 232
539 259 644 339 Oaput
666 256 796 321 tertium

202 438 296 500 nobis
318 440 450 516 peccata
472 441 505 498 et
527 435 691 516 placatum
713 434 806 498 nobis
829 439 955 514 patrem
974 434 1011 496 in
1023 434 1155 497 coelis.

202 527 273 587 Hoc
296 543 424 604 quoque
447 544 515 586 non
535 530 670 587 naturas
694 523 750 585 sed
774 523 905 604 spiritus
932 523 1037 586 sancti
1061 543 1157 604 opus

202 620 259 676 est.
287 613 372 675 Nam
388 613 499 689 animi,
515 631 591 674 cum
606 618 737 693 peccata
752 630 812 674 sua
821 611 997 687 intuentur,
1015 618 1156 674 natiua-

201 703 274 764 1113
297 702 465 782 refugiunt
483 723 504 764 a
523 700 585 764 deo
601 707 633 764 et
646 705 801 764 metuunt
814 699 897 778 iram
920 700 999 763 eius.
1047 701 1157 762 Hanc

201 792 385 854 animorum
418 789 636 853 diffidentiam
670 789 800 870 corrigit
833 789 965 870 spiritus
1000 795 1155 865 sanctus,

202 878 375 942 ostendens
406 879 747 961 Christixsacrificium
776 884 809 940 et
842 877 985 940 excitans
1017 897 1082 959 per
1115 877 1156 940 id

202 987 270 1043 nos,
294 973 332 1030 ut
354 967 463 1044 etiam,
487 969 515 1030 si
537 972 743 1048 peccatorum
766 967 1029 1046 gravissimorum
1048 965 1156 1028 nobis

202 1075 314 1118 sumus
337 1057 474 1132 conscii,
503 1076 569 1118 non
591 1051 720 1118 tamenl
748 1055 912 1135 fugiamus
934 1075 955 1117 a
977 1054 1053 1132 de03
1090 1062 1158 1118 aut

202 1144 391 1208 diffidamus
415 1145 484 1207 eius
506 1144 655 1220 bonitati,
681 1143 738 1209 sed
761 1163 835 1207 cum
858 1143 978 1206 fiducia
999 1143 1042 1206 ad
1066 1163 1155 1206 cum

202 1232 393 1296 accedamus
427 1238 558 1314 propter
591 1233 803 1296 mediatorem
839 1232 1011 1295 Christum.
1070 1233 1156 1295 Hac

201 1321 280 1397 fide,
315 1329 352 1384 ut
385 1322 432 1384 ait
458 1315 604 1398 Ρ3135,2
636 1322 848 1402 purificantur
883 1321 978 1384 corda
1005 1327 1038 1384 et
1067 1341 1152 1385 vere

200 1410 446 1472 sanctificamur.
486 1411 571 1484 Quia
592 1412 682 1473 enim
696 1412 1152 1491 remissionempecoatorum

200 1497 265 1559 fide
298 1499 488 1579 accipimus,
523 1506 712 1581 reputamur
745 1519 802 1581 per
836 1499 1001 1562 Christum
1035 1501 1151 1562 suncti

200 1592 234 1648 et
254 1587 342 1648 iusti.

289 1674 405 1737 Fidem
427 1677 538 1739 autem
565 1679 711 1758 sequitur
742 1677 914 1752 confessio,
947 1677 1031 1738 sicut
1060 1675 1150 1738 dicit

200 1766 359 1845 psalmus:
384 1764 496 1840 Credo,
519 1764 593 1828 ideo
616 1772 650 1829 et
663 1758 805 1846 loquor.³
844 1764 1009 1827 Confessio
1028 1770 1150 1826 autem

200 1859 286 1915 certa
312 1873 422 1916 secum
449 1854 542 1916 affert
570 1855 713 1936 pericula
746 1859 779 1917 et
812 1853 1015 1919 tentationes.
1062 1851 1150 1914 Odit

200 1942 287 2002 enim
322 1961 394 2004 eam
428 1942 551 2005 Sathan
588 1949 622 2005 et
654 1943 795 2005 concitat
831 1941 992 2004 mundum
1013 1947 1149 2004 contra
1237 1961 1253 2031 ἰ

200 2030 280 2109 pios,
305 2031 362 2110 'qui
385 2051 461 2094 cum
483 2033 637 2114 potentia,
662 2030 820 2112 dignitate
836 2037 868 2093 et
883 2031 999 2113 opibus
1021 2029 1146 2106 valeat,

198 2119 337 2197 graviter
371 2120 490 2200 affligit
522 2122 699 2184 ecclesiam.
755 2113 839 2182 4Hic
872 2120 971 2200 igitur
1005 2118 1147 2200 spiritus
1174 2133 1176 2137 ·

199 2209 303 2270 sancti
326 2207 471 2271 officium
494 2215 527 2272 et
548 2209 742 2272 beneficium
758 2209 877 2270 eximie
894 2207 1039 2282 sentitur,
1066 2226 1145 2268 oon·

198 2295 357 2357 firmantis
380 2303 414 2359 et
434 2298 628 2359 consolantis
641 2299 778 2360 animos
801 2297 837 2360 in
855 2296 971 2360 mediis
986 2295 1146 2378 periculis

174 2395 240 2445 ‘ne
263 2382 435 2463 desperent
456 2390 514 2446 aut
535 2383 771 2449 confessionem
787 2385 950 2448 obiiciant.
989 2384 1146 2464 Apostoli

199 2470 379 2533 confirmati
409 2473 526 2552 spiritu
555 2479 666 2536 sancto
696 2475 803 2536 minas
833 2471 1035 2536 sacerdotum
1065 2491 1144 2534 con-

198 2565 362 2636 temnunt,
398 2562 504 2641 potior
537 2560 584 2623 eis
618 2581 695 2624 cura
729 2567 778 2625 est
811 2561 948 2625 docendi
981 2561 1062 2623 elios
1098 2559 1144 2623 de

198 2647 340 2724 Christo,
364 2669 463 2728 quam
486 2649 661 2713 servandae
684 2651 769 2714 vitae
792 2669 877 2712 suae.
924 2649 1034 2712 Sancti
1055 2669 1144 2712 mar-
1273 2681 1275 2734 i

198 2743 300 2817 tyros,
337 2738 421 2800 sicut
446 2737 640 2802 Prudentius
667 2738 708 2801 de
735 2739 921 2815 Laurentio,
951 2739 1077 2817 Agnete
1109 2744 1146 2802 et
1273 2735 1275 2774 ¹

199 2826 271 2889 alris
294 2833 525 2890 commemorat
552 2828 588 2889 in
611 2829 691 2910 ipsis
714 2828 883 2890 tormentis
909 2827 1070 2890 insultant
1094 2831 1144 2906 ty·
1272 2823 1275 2858 ³

199 2917 323 2992 renuis,
358 2915 541 2996 Stephanus
575 2918 642 2978 iam
676 2916 870 2996 lapidandus
904 2916 1007 2979 vitam
1044 2935 1145 2978 suam
1271 2915 1275 2982 1

199 3005 348 3084 negligit,
384 3005 540 3067 sollicitus
569 3004 610 3067 de
637 3005 741 3067 salute
768 3011 836 3068 tam
863 3023 972 3067 secure
1006 3023 1143 3085 peccan-

199 3094 291 3155 tium.
331 3091 421 3154 Haec
444 3113 510 3157 non
532 3094 678 3156 humana
699 3099 790 3169 sunt,
815 3092 872 3156 scd
895 3099 982 3156 certa
1004 3093 1143 3174 spiritus

199 3180 293 3255 dona,
323 3180 445 3259 quiex
467 3182 532 3245 alto
555 3203 611 3263 per
634 3182 799 3245 Christum
825 3182 867 3244 ad
889 3201 948 3244 nos
970 3182 1071 3258 venit,
1102 3202 1143 3244 ac

70 3288 82 3298 ·
199 3268 393 3330 imbecillem
427 3276 576 3333 naturam
610 3271 788 3333 confirmat.
840 3271 994 3335 Destituti
1028 3276 1143 3333 autem

200 3357 316 3436 spiritu
339 3364 449 3422 sancto
472 3359 552 3438 quid
575 3358 610 3420 in
625 3358 776 3441 periculis
792 3360 935 3436 soleant·
949 3360 1143 3440 praesertim

290 3584 317 3653 1)
345 3583 398 3638 ns.
419 3552 508 3638 'reru
536 3588 660 3640 tantum.
696 3585 725 3653 2>
753 3582 976 3640 33133
1012 3583 1041 3652 a)
1061 3585 1139 3639 ren:

199 3655 305 3708 Psalm.
329 3655 389 3708 115.
430 3655 458 3722 4)
484 3656 537 3711 Ed.
561 3661 591 3711 et
613 3657 687 3710 len:
711 3657 763 3710 ΙΠ.
788 3656 911 3724 Spiritus
935 3659 1053 3710 sanctus
1075 3671 1133 3711 con

200 3726 309 3779 solatur
326 3726 358 3779 in
369 3726 512 3793 periculis.
531 3729 636 3782 Vuitt.:
656 3729 693 3782 Π.
713 3744 774 3796 sqq.
