2584 4267
220 260 286 323 390
334 295 344 314 ·
557 256 663 337 Caput
685 256 830 337 primum

217 437 332 519 pseim.
364 388 418 516 o.†
463 434 652 498 Convertere
682 432 812 497 domine
840 438 874 496 et
902 432 990 514 eripe
1013 433 1165 496 animam

217 545 333 589 meam.
380 525 464 588 item
497 523 622 605 psalmo
654 524 751 603 89.††
802 522 991 586 Convertere
1025 523 1164 586 domine

217 633 320 695 usque
343 634 418 694 quo.
671 631 675 635 ·

487 773 530 837 Et
551 772 681 836 mittam
701 771 888 853 ignem.†††

307 881 366 942 Per
388 881 497 960 ignem
519 879 733 944 vastationem
755 897 814 961 per
827 872 999 958 '¹Assyrios
1015 878 1163 941 futuram

111 1020 115 1028 .
218 969 394 1050 significat,
439 989 471 1049 q.
506 967 538 1030 d.
577 973 687 1032 cavete
731 966 839 1044 vobis,
886 967 1016 1043 mittam
1061 968 1164 1030 semel

218 1051 357 1138 ignem,²
384 1058 492 1122 venire
515 1056 634 1119 faciam
658 1075 754 1138 super
776 1055 942 1120 vosmala
964 1057 1071 1118 multa
1091 1057 1163 1136 qui-

218 1139 299 1210 bus⁸
326 1147 467 1210 ferendis
489 1147 586 1228 plane
609 1144 698 1208 eritis
721 1145 871 1226 impares.

432 1325 602 1388 Conteram
625 1329 749 1388 vectem
771 1323 931 1386 Damasci.

306 1431 526 1509 Vectemtffi
547 1428 682 1510 figurate
705 1429 847 1512 adpellat
867 1430 1064 1493 munitiones
1080 1429 1163 1493 item

217 1519 389 1601 optimates
424 1521 475 1582 vel
508 1521 606 1582 fortes
641 1526 674 1583 et
711 1519 833 1583 validos
871 1519 914 1580 ad
952 1517 1163 1600 suscipienda

217 1628 307 1672 anna
329 1614 440 1672 contra
461 1601 649 1688 Assyrium*
675 1614 857 1671 venturum.
903 1608 944 1669 In
965 1607 1036 1685 hos,
1061 1629 1103 1670 ne
1125 1628 1162 1670 se

217 1696 404 1774 defendant,
429 1697 509 1761 dicit
531 1717 564 1760 se
587 1697 811 1760 immissurum
834 1717 986 1778 pavorem
1010 1697 1162 1760 veniente

218 1807 291 1867 rege
314 1787 518 1868 Assyriorum
541 1792 699 1869 tanquam
721 1787 796 1868 igne
819 1805 916 1867 super
939 1805 1002 1848 eoa
1098 1854 1101 1858 A

437 1949 481 2011 nt
503 1946 688 2029 disperdam
709 1946 939 2018 habitatorem

216 2052 338 2119 idest:
363 2055 537 2131 succidam,
562 2052 793 2116 exterminabo.

538 2215 585 2276 De
608 2232 723 2294 campo
744 2209 833 2274 idoli.

226 2327 227 2330 ’
305 2317 1161 2402 Damascusinplanitiepulcherrimafuitsita,†††††

216 2430 283 2473 non
305 2410 341 2471 in
363 2409 442 2471 locis
464 2409 644 2484 montanis,
674 2407 731 2470 sed
754 2403 978 2470 *circumcirca
1000 2410 1158 2472 amoenis-

217 2497 308 2562 simis
331 2497 415 2578 agris
439 2497 503 2559 fuit
524 2497 644 2573 cincta,
677 2501 710 2559 et
738 2495 781 2557 ad
810 2495 896 2558 hanc
923 2497 1159 2574 loci4amoeni·

216 2593 316 2650 tatem
343 2587 398 2650 hic
425 2585 539 2649 alludit
561 2585 733 2669 propheta,
762 2604 793 2664 q.
818 2583 849 2646 d.
880 2587 1098 2665 pulcherrimo
1127 2595 1160 2651 et

216 2669 431 2756 fertilissim0⁵
459 2696 534 2758 agro
549 2669 719 2750 habitatis
737 2672 991 2738 iucundissimus
1011 2681 1062 2739 est
1077 2677 1159 2739 situs

216 2766 306 2830 urbis
334 2771 469 2842 vestrae,
499 2765 556 2828 sed
584 2760 894 2840 exterminabimini‚
924 2765 1159 2828 transferimini

216 2855 252 2918 in
274 2855 431 2936 Assyrios.
473 2928 479 2938 ,
892 2852 893 2855 ’

305 3064 330 3133 *)
350 3065 456 3133 Incipit
474 3079 501 3132 p.
521 3061 625 3117 XLIV.
643 3062 738 3118 Mser.
800 3080 803 3087 ¹

307 3257 333 3324 1)
353 3227 459 3314 aaa?
481 3276 532 3328 per
550 3259 699 3328 Assyrios.-
731 3259 759 3328 a)
777 3260 925 3321 etfvenire
945 3276 1011 3326 sqq.
1047 3259 1078 3324 a)
1098 3260 1158 3326 qur-

216 3328 272 3384 bus
297 3329 507 3395 opprimamini.
547 3329 679 3398 [Caetera
704 3331 830 3400 desunt]
870 3328 899 3399 4)
917 3335 1019 3387 contra
1041 3330 1157 3384 hostem

142 3476 147 3481 .
215 3403 378 3456 venturum.
414 3401 442 3488 ir)
462 3402 653 3458 ioehcissimo.
778 3444 780 3448 -
830 3435 832 3437 -
951 3403 961 3410 “

216 3513 431 3536 ὲ--ῌ--η

214 3552 576 3738 scriatimtssrts
596 3595 801 3724 garum.
822 3592 872 3650 ⁸9·
923 3667 929 3679 .
972 3587 1039 3680 uu
1068 3596 1157 3704 nna

214 3739 306 3792 mascr
324 3710 426 3795 situs]
628 3687 670 3764 ¹²1·
697 3671 774 3724 S¹i¹¹⁵
797 3669 939 3765 Damasn.
977 3667 1084 3723 Vna..
1102 3667 1149 3720 na
