2584 4267
456 275 541 334 60
1122 272 1330 352 Caput
1374 271 1660 349 primum
2468 0 2568 403 W

455 471 515 528 q.
567 450 626 511 d.
723 449 992 511 Perinde
1039 455 1231 527 atque
1278 448 1520 527 puella,
1582 447 1827 525 perdite
1873 467 2097 509 amana
2141 469 2326 525 spon*

453 558 626 612 sum,
688 538 1095 600 acerbissime
1141 538 1253 599 flet
1299 542 1363 599 et
1407 537 1584 615 luget
1637 555 1869 615 sponsu
1925 557 2069 609 auu,
2129 557 2330 613 quan]

453 626 801 702 adamarat,
852 627 1150 690 extincto,
1232 625 1516 704 Sponsae
1547 624 1722 685 enim
1769 630 1833 686 et
1877 629 2097 705 spousi
2145 625 2326 685 vaha-

452 715 896 777 mentissimus
953 722 1048 777 est
1104 734 1298 777 amor.
1404 714 1505 775 Ita
1560 719 1625 773 et
1677 720 1750 775 tu
1803 713 1985 793 plura
2041 721 2101 777 st
2157 713 2326 793 luga.

451 805 665 881 Atque
720 805 813 865 ita
866 805 1101 865 invitat
1155 822 1260 864 eos
1328 802 1408 863 ad
1464 802 1925 881 poenitentiam
1993 825 2049 881 q.
2105 801 2165 861 d.
2230 801 2334 865 fac

451 887 609 953 tibi¹
673 894 1039 954 maximum
1108 892 1469 970 planctum,
1542 910 1669 968 quo
1738 908 1865 952 non
1937 897 2029 953 ast
2097 889 2326 953 maiar.

452 978 749 1043 Ceterum
818 980 991 1060 quod
1059 998 1175 1041 nos
1230 981 1532 1059 legimus:
1607 980 2041 1057 pubertatis
2113 997 2326 1053 suasss

456 1069 689 1130 rectius
736 1064 945 1149 lege2:
984 1067 1352 1131 'iuventutis
1401 1087 1569 1129 suae.

1067 1229 1264 1289 Periit
1310 1226 1712 1288 sacrificium.

630 1334 1003 1412 Amplificat
1058 1334 1389 1395 miseriam
1457 1339 1522 1393 et
1577 1352 1949 1395 aerumnam
2017 1353 2077 1409 q.
2129 1333 2186 1393 d.
2254 1353 2334 1393 aa

451 1421 642 1500 plaga
686 1441 815 1483 non
861 1415 1108 1484 solum³
1164 1424 1234 1482 in
1280 1420 1630 1501 perniciem
1678 1420 1961 1500 frugum,
2025 1421 2330 1481 arborum

453 1514 517 1570 et
560 1508 893 1572 vinearum
940 1511 1272 1589 pertingit,
1333 1508 1445 1571 sed
1501 1515 1564 1570 et
1610 1517 1901 1571 corruent
1949 1505 2322 1585 sauritim-ast

452 1596 783 1659 libamina.
879 1598 1055 1660 Haec
1102 1598 1306 1678 gloria
1351 1604 1591 1672 vestra,
1651 1618 1780 1676 qua
1825 1618 1973 1677 praa
2021 1597 2330 1659 amnibus

451 1685 824 1755 nationibus
853 1681 1091 1749 terrae⁵
1146 1687 1423 1749 celebres
1455 1685 1627 1761 estiS,
1679 1687 1889 1748 cultus
1921 1685 2029 1745 illa
2065 1685 2330 1749 divinus

452 1794 563 1853 per
617 1777 886 1837 verbum
942 1776 1047 1837 dei
1094 1776 1457 1850 institutuS‚
1517 1773 1977 1837 detrimentum
2025 1777 2326 1853 patiatur,

451 1883 582 1924 non
635 1870 934 1943 poterunt
1002 1865 1354 1927 sacrificare
1423 1862 1778 1925 sacerdotes
1835 1873 1945 1925 aut
2009 1865 2330 1925 libamina

452 1950 704 2027 offerre,
764 1952 1055 2032 frugibus
1111 1954 1202 2015 sic
1256 1951 1672 2030 consumptis
1768 1951 1961 2013 Primi
1973 1953 2093 2013 tias
2149 1953 2326 2013 anim

451 2045 514 2101 et
560 2039 840 2103 decimas
887 2043 1182 2103 omnium
1229 2041 1489 2120 frugum
1536 2038 1778 2101 dabant
1823 2041 2085 2101 dominu·
2141 2041 2330 2101 iuxta

450 2128 609 2206 legis
656 2128 1037 2190 mandatum
1085 2130 1424 2191 Deuteron.
1479 2128 1627 2206 26.†

628 2216 1107 2294 &Sacrificium
1154 2223 1372 2279 autem
1420 2222 1554 2278 erat
1597 2217 1669 2279 in
1712 2235 1836 2296 quo
1873 2217 2081 2277 aulida
2109 2217 2326 2277 affare-1

449 2304 683 2365 bantur
728 2310 802 2365 ut
848 2304 1162 2379 triticum,
1223 2304 1431 2366 farina
1477 2311 1590 2367 etc.
1688 2305 2033 2367 Libaruiua
2085 2305 2330 2365 flabant

450 2411 529 2451 ex
576 2390 897 2467 fusilibus,
948 2399 1022 2453 ut
1068 2414 1147 2453 ex
1194 2393 1351 2469 oleo,
1402 2392 1553 2455 vino
1584 2400 1714 2477 leto.

993 2552 1398 2632 Depopulata
1443 2559 1540 2615 est
1584 2554 1773 2632 regio,

626 2657 728 2718 Ex
782 2659 1055 2720 hebraeo
1110 2659 1203 2721 sic
1272 2660 1436 2738 lege:
1512 2659 1937 2738 depopulatus
2005 2669 2097 2721 ast
2157 2681 2322 2737 agar.

448 2745 619 2806 luxit
663 2751 854 2822 terra,
906 2747 1215 2826 quoniam
1261 2753 1586 2809 vastatum
1631 2743 1762 2809 *est
1807 2749 2121 2821 uitiatam,
2181 2769 2326 2809 curi-

450 2833 670 2898 fusum
717 2842 814 2897 est
858 2842 1169 2911 mustum,
1219 2836 1508 2915 elanguit
1552 2834 1783 2897 oleum.
1859 2837 2093 2897 Reddit
2141 2837 2322 2897 ratio-

447 2942 625 2998 nem,
687 2944 883 3001 quare
930 2925 1015 2986 sit
1060 2924 1421 3003 periturum
1467 2924 1853 2986 sacrificium
1909 2933 1969 2985 at
2017 2925 2322 3001 libamen,

449 3013 621 3089 quia,
671 3012 903 3090 inquit,
954 3011 1380 3091 depopulatus
1414 3016 1510 3073 est
1540 3031 1704 3090 ager,
1754 3013 2081 3091 perisrunt
2113 3013 2326 3093 fruges

450 3117 691 3172 omneS,
742 3100 933 3178 periit
978 3101 1205 3162 vinum
1253 3104 1367 3161 etc.
1459 3098 1775 3162 Videmus
1822 3109 2037 3162 autam
2089 3101 2157 3161 iu
2206 3101 2326 3163 hus

625 3270 675 3339 *)
712 3272 926 3340 Incipit
961 3290 1015 3342 p.
1055 3272 1181 3325 VII.
1222 3271 1411 3327 Msoi.

628 3431 681 3499 1)
718 3431 969 3501 tumssffi·
1048 3432 1105 3500 2)
1142 3433 1312 3500 leges.
1402 3433 1459 3500 3)
1497 3421 1684 3487 deest:
1735 3450 1854 3487 non
1889 3435 2078 3488 solum
2117 3461 2183 3473 ——
2223 3435 2328 3488 sed

446 3506 521 3555 et.
594 3501 651 3568 4)
690 3502 967 3557 sacrificia
1002 3509 1061 3557 et
1096 3502 1390 3557 libamina.
1419 3567 1423 3573 ,
1464 3502 1521 3571 5)
1559 3503 1750 3558 deest:
1790 3508 1990 3559 terrae.

624 3661 681 3730 †)
718 3662 946 3716 Denter.
986 3662 1071 3715 26.
1130 3661 1221 3731 ††)
1260 3664 1623 3718 Sacrificium.
1672 3663 1992 3717 Libamina.
2051 3661 2177 3733 ΤΙ-γ)
2216 3664 2329 3717 Ad-

446 3733 697 3786 hortatio
734 3731 809 3786 ad
844 3732 1263 3800 poenitentiam
1301 3734 1650 3803 amplificata
1687 3734 1876 3787 simili.
