2584 4267
456 308 555 374 Joelis
575 309 761 392 prophetae.
1014 309 1077 372 193

136 485 409 552 contumeliarum
431 505 499 548 non
521 486 655 564 audiret,
678 493 717 551 ut
739 504 827 550 nunc
848 505 953 551 mores
977 487 1078 552 sunt?

136 575 323 638 clamarent
359 574 470 638 statim
507 595 635 652 omnes,
674 576 814 639 revocari
851 581 1008 657 papatum
1046 580 1078 638 et

135 663 312 744 periclitari
342 662 525 728 libertatem
555 664 780 730 Christianam.
827 663 890 726 Sed
919 670 957 727 tu
989 664 1078 726 hune

36 784 47 797 -
135 752 220 814 mihi
243 751 402 834 populum
424 752 600 829 considera,
625 753 702 816 audi
716 753 919 836 prophetam,
943 752 996 816 cui
1011 772 1077 816 non

135 840 216 903 satis
238 846 289 903 est
310 842 515 922 proposuisse
536 862 617 924 pure
646 841 828 906 doctrinam
849 861 942 906 verae
969 841 1076 922 poeni·

133 929 273 1006 tentiae,
308 930 378 993 vult
411 929 539 994 institui
571 931 728 994 celebrem
761 936 972 1006 conventum,
1008 929 1078 992 vult

36 1057 43 1067 -
135 1023 224 1080 certa
245 1024 392 1099 tempora
412 1019 562 1098 insigniri
582 1019 714 1084 ieiunio.
761 1019 848 1084 Gur?
886 1026 924 1082 ut
952 1019 988 1080 hi
1012 1019 1078 1081 sint

134 1107 268 1170 cultus?
302 1107 446 1173 Minime.
481 1107 550 1170 Sed
567 1115 606 1171 ut
626 1108 679 1172 his
701 1127 760 1172 ceu
782 1108 964 1188 insignibus
980 1105 1076 1184 notis,

32 1274 36 1283 Ι
133 1195 248 1272 rudes,
276 1215 438 1258 sacrarum
465 1215 575 1259 rerum
602 1197 816 1276 negligentes,
853 1195 938 1258 addo
967 1195 1098 1272 etiam,v

27 3760 29 3829 γ

133 1284 231 1364 impii
258 1284 435 1348 invitentur
462 1284 505 1349 ad
532 1284 732 1348 audiendum
759 1285 894 1348 verbum
927 1289 961 1346 et
991 1303 1076 1346 exer·

135 1373 276 1436 cendam
305 1373 551 1439 invocationem.
597 1374 688 1436 Haec
716 1373 803 1436 enim
837 1379 914 1438 sunt
947 1392 1076 1454 organa,

135 1481 196 1542 per
223 1481 308 1542 quae
334 1462 466 1543 spiritus
500 1467 630 1529 sanetus
664 1482 791 1527 movere
826 1463 951 1528 ammos
985 1462 1075 1527 solet.

134 1551 210 1613 Non
239 1550 338 1630 igitur
371 1550 563 1632 negligenda
595 1547 701 1616 sunt.l
750 1551 934 1616 Pertinebat
966 1557 1075 1613 autem

135 1639 178 1701 ad
202 1639 250 1721 pii
270 1639 477 1719 magistratus
499 1659 626 1717 curam,
657 1639 807 1704 adiuvare
834 1641 895 1703 hac
923 1641 959 1702 in
984 1645 1075 1720 parte

134 1727 302 1793 ministros
325 1729 539 1806 eeclesiarum,
564 1730 649 1793 sieut
671 1735 783 1795 extant
805 1728 962 1809 exempla,
987 1725 1075 1808 quod

38 1833 45 1841 ·
133 1817 215 1878 haee
250 1817 329 1879 olim
362 1836 475 1897 regum
508 1837 585 1881 cura
617 1817 690 1882 fuit.
755 1816 832 1880 Saul
865 1816 985 1896 impius
1018 1835 1076 1877 rex

133 1906 279 1968 minatur
308 1911 448 1968 mortem
483 1906 626 1986 gustanti
654 1905 778 1986 aliquid
804 1925 844 1968 eo
870 1904 923 1967 die
951 1923 1026 1966 cum
1056 1923 1076 1966 a
1115 1919 1117 1922 ·

134 1994 315 2058 Philistinis
349 2000 434 2058 esset
465 1995 660 2076 perieulum,
700 2014 738 2056 ac
771 2013 813 2056 ne
843 1993 909 2057 filio
943 1992 1075 2072 quidem

133 2083 317 2163 parciturus
345 2083 463 2160 fuerat,
496 2084 560 2146 nisi
587 2083 749 2165 apopulo
777 2088 861 2146 esset
888 2078 1073 2163 impeditus.

133 2172 225 2234 Haec
247 2171 400 2236 severitas
422 2179 456 2236 et
469 2171 659 2255 disciplinae
675 2170 822 2236 custodia
835 2172 871 2233 in
885 2171 1075 2249 magistratu

134 2261 315 2324 necessaria
344 2266 407 2338 est,
443 2268 612 2342 propterea
638 2261 727 2341 quod
756 2261 825 2324 sine
858 2259 910 2322 his
938 2258 1074 2323 unculis

134 2349 274 2412 indocile
303 2356 338 2413 et
365 2351 571 2431 prophanum
592 2351 708 2430 vulgus
742 2348 872 2412 retineri
902 2348 938 2412 in
966 2347 1074 2410 officio

134 2457 173 2500 ae
198 2438 335 2502 coerceri
357 2439 447 2502 nullo
469 2439 567 2502 modo
582 2445 697 2520 potest.

228 2520 339 2589 ²Sieut
371 2533 480 2590 autem
513 2528 598 2590 haee'
626 2527 756 2608 publice
790 2527 948 2608 propheta
984 2527 1075 2590 iubet

133 2613 213 2690 fieri,
238 2615 285 2677 ita
306 2615 551 2680 meminerimus
575 2616 694 2696 singuli
717 2615 961 2678 domi'nostrae
989 2615 1074 2677 hanc

133 2702 337 2766 Christianae
372 2703 562 2786 disciplinae
598 2705 757 2770 rationem
796 2703 965 2782 diligenter
1002 2702 1074 2764 reti-

24 2786 25 2801 *
132 2791 276 2854 nendam
300 2797 333 2854 et
354 2794 606 2857 conservandam
628 2813 707 2857 esse.
747 2792 850 2854 Multa
869 2789 1075 2852 incommoda

132 2880 198 2962 piis
228 2881 377 2962 patribus
410 2881 551 2945 familias
583 2881 729 2965 quotidie
763 2880 969 2943 obiiciuntur.
1022 2878 1074 2939 Ad

131 2970 250 3032 horum
273 2989 407 3033 sensum
429 2971 565 3034 minime
587 2970 735 3034 omnium
754 2968 846 3032 decet
859 2987 927 3031 non
942 2966 1072 3030 moveri.

24 3066 26 3079 ’
131 3057 295 3139 Principio
318 3059 419 3138 igitur
441 3065 563 3124 statuas
584 3060 645 3122 has
673 3078 742 3122 esse
770 3064 973 3139 peccatorum
1001 3074 1072 3136 poe·

25 3172 26 3223 ᾗ
132 3165 208 3224 nas,
238 3154 271 3212 et
293 3148 416 3227 cogites
438 3148 479 3210 de
501 3147 650 3227 diligenti
673 3153 705 3211 et
728 3147 810 3210 seria
837 3143 1071 3220 emendatione,

25 3232 26 3284 l
132 3255 200 3298 non
227 3256 344 3317 pergas
372 3251 501 3300 securus
529 3237 632 3300 facere
663 3255 745 3317 quae
773 3236 929 3300 hactenus
943 3233 945 3240 '
961 3232 1073 3297 solitus

25 3372 26 3377 η
133 3344 177 3386 es.
223 3325 350 3388 Deinde
380 3331 472 3407 petas
501 3345 558 3406 per
587 3326 765 3389 orationem
788 3325 916 3388 veniam
946 3323 1072 3386 delicto-

184 3433 217 3490 n,
241 3421 275 3478 et
295 3415 390 3476 firma
411 3414 475 3477 fide
496 3415 533 3476 in
556 3413 803 3495 promissionem
827 3413 880 3476 dei
902 3419 934 3476 te
958 3413 1071 3493 erigas.

181 3502 219 3564 lia
251 3509 361 3566 autem
396 3504 476 3565 haee
508 3523 575 3565 non
609 3510 686 3566 sunt
722 3502 824 3566 nostri
858 3501 978 3583 operis,
1017 3507 1074 3563 aut

185 3591 253 3652 ium
276 3597 471 3668 nostrarum,
497 3591 657 3672 rogandus
680 3591 760 3654 deus
784 3597 846 3668 est,
869 3598 907 3654 ut
930 3609 987 3673 per
1010 3587 1071 3668 spi-

224 3783 253 3850 1)
270 3784 457 3851 Magistratus
479 3784 613 3839 officium.
655 3783 682 3852 2)
703 3745 890 3840 Oeconomica
908 3776 1071 3845 disciplina.

190 3881 263 3921 utheri
276 3892 323 3931 opp.
336 3885 421 3932 exeget.
447 3881 496 3923 Vol.
508 3882 575 3922 XXV.
876 3868 909 3922 13
