2584 4267
989 260 1188 322 Amos
1234 259 1605 341 prophetae.
2121 257 2249 319 405

359 432 577 496 fictilis
609 440 673 496 et
701 435 1036 497 monachis
1082 435 1277 499 dicas.
1340 435 1432 501 Hi
1480 435 1635 516 quia
1662 440 1973 499 voverunt
2003 434 2249 497 castita-

360 532 501 584 tem
553 528 617 584 et
661 530 1104 604 paupertatem
1153 544 1226 586 ac
1270 525 1490 587 nescio
1550 544 1716 608 quae
1786 523 1937 600 alia,
2012 529 2075 586 et
2149 523 2254 584 his

360 632 561 672 nemu
633 612 885 672 libidini
933 619 1029 675 est
1088 613 1297 694 magis
1357 613 1615 677 deditus
1633 664 1646 689 ,
1718 612 2023 675 ditissimi
2078 617 2251 686 sunt,

360 700 713 760 lautissimi
737 700 978 764 vivunt.
1041 701 1210 781 Ergo
1231 701 1584 784 impietatis
1608 722 1715 765 eos
1746 719 2007 781 arguere
2037 719 2252 781 possu-

360 808 537 864 mus,
589 796 661 852 ut
701 788 813 868 qni
845 791 977 852 suis
1007 791 1175 855 votis
1207 811 1340 853 non
1372 790 1788 866 satisfaciant,
1836 808 2001 869 quae
2032 795 2252 851 tamen

364 876 529 956 quin
573 899 701 940 nnn
749 885 1021 958 possunt
1080 885 1403 961 praestare
1463 879 1666 961 impia
1726 885 1879 941 sunt
1922 884 1987 941 et
2032 882 2253 940 contra

360 964 589 1040 deum}
653 968 809 1044 quia
869 973 1084 1030 autem
1147 988 1395 1032 servare
1454 967 1658 1033 videri
1714 968 1940 1031 volunt
2000 972 2064 1029 et
2120 984 2252 1028 non

364 1060 645 1128 sei-tunt,
693 1056 878 1136 impii
929 1062 1078 1118 sunt
1123 1062 1240 1119 etc.

653 1196 789 1276 Ego
837 1204 1054 1260 nutem
1101 1197 1525 1261 exterminavi
1569 1199 1968 1259 Amorreum.

553 1304 917 1380 Exprobrat
937 1303 1028 1364 eis
1053 1301 1355 1366 dominus
1378 1304 1760 1384 praestitum
1790 1302 2249 1382 beneficium†;

364 1392 593 1468 sicque
641 1392 853 1468 arguit
897 1391 1394 1470 ingratitudinis,
1452 1399 1528 1456 ut
1585 1393 1700 1474 qui
1753 1386 1986 1455 tantisl
2053 1398 2117 1453 et
2160 1391 2251 1452 in-

364 1480 661 1540 numeris
705 1479 1033 1542 beneficiis
1078 1479 1244 1542 nihil
1273 1475 1440 1544 sint²
1496 1482 1705 1544 allecti
1736 1480 1820 1544 ad
1849 1479 2252 1561 diligendum

364 1568 589 1644 deum!
605 1560 629 1600 Β
685 1568 767 1628 ad
813 1567 1191 1632 sectandum
1237 1570 1377 1634 eius
1420 1571 1710 1648 verbum,
1760 1589 1957 1650 quem
2002 1586 2254 1649 semper

364 1656 621 1736 experti
689 1664 873 1720 erant
925 1652 1238 1720 tutorem4
1293 1665 1359 1720 et
1409 1666 1679 1740 patrem,
1730 1659 1844 1738 qui
1889 1657 2252 1736 insignibus

360 1748 653 1808 victoriis
685 1744 921 1808 fecerat
951 1765 1058 1808 eos
1091 1747 1396 1809 omnibus
1425 1747 1719 1810 hostibus
1752 1746 2107 1826 superiores
2132 1750 2248 1806 etc.

364 1856 436 1912 q.
489 1836 585 1896 d*
637 1836 813 1896 Haec
861 1834 1096 1898 scilicet
1141 1842 1239 1898 est
1283 1835 1489 1914 gratia
1532 1855 1731 1914 quam
1776 1833 1939 1895 mihi
1982 1832 2250 1895 refertis,

637 1976 921 2040 enutrivi
963 1975 1247 2040 radicem
1294 1977 1432 2041 eius
1478 1976 1753 2058 desuper
1799 1968 1979 2051 etc.,⁵

364 2080 444 2144 id
489 2088 617 2144 est:
665 2084 925 2164 penitus
969 2080 1219 2145 extinxi
1265 2102 1435 2160 eum,
1484 2083 1758 2146 maiores
1804 2100 1954 2144 cum
1998 2079 2253 2141 minori-

364 2172 513 2232 bus.
609 2172 785 2232 Adeo
833 2172 1005 2233 enirn
1052 2177 1206 2236 sunt
1249 2172 1517 2236 extincti
1579 2191 1654 2234 ac
1706 2169 2011 2232 radicitus
2070 2168 2253 2230 extir-

368 2260 509 2340 pati
585 2260 877 2320 Arum-rei
897 2308 913 2336 ,
990 2266 1064 2323 ut
1139 2279 1221 2323 ne
1298 2257 1505 2324 unus*
1579 2259 1845 2341 quidem
1935 2262 2255 2339 superstes

368 2348 769 2408 remansurit.

741 2490 1184 2572 Propinabatis
1230 2487 1598 2555 Nazareis*
1642 2472 1886 2556 vinum.

553 2596 697 2656 Nun
773 2600 929 2660 satis
1003 2598 1170 2674 erat,
1261 2618 1375 2662 vos
1462 2604 1684 2661 contra
1756 2598 1966 2676 legem
2039 2615 2254 2657 meam

368 2688 573 2764 impin
621 2704 837 2764 agere,
909 2687 972 2748 st
1016 2685 1240 2749 vinum
1285 2686 1357 2748 in
1402 2685 1646 2766 templo
1690 2685 1938 2759 bibere,
2011 2683 2124 2746 sed
2192 2689 2256 2744 et

368 2776 517 2836 aljis
585 2770 960 2836 occasio-Q*
976 2794 1129 2836 nem
1195 2774 1581 2855 praebuistis
1648 2771 1959 2852 peccandi
2036 2776 2257 2833 contra

364 2864 601 2940 legem*
653 2884 881 2944 nempe
937 2881 1084 2925 cum
1115 2862 1410 2925 Nazareis
1442 2862 1668 2927 vinum
1696 2858 2054 2922 bibendum
2085 2857 2254 2919 dedi-

372 2952 601 3028 stis,††
645 2952 713 3012 id
761 2952 937 3032 quud
983 2953 1091 3013 lex
1137 2940 1437 3032 prohibet
1479 2951 1907 3013 Numerorum
1953 2939 2105 3009 V1.⁶

557 3124 605 3192 *J
669 3132 733 3176 ut
801 3128 1179 3192 Sainpsonem
1242 3128 1303 3177 et
1347 3125 1491 3179 alios
1528 3102 1763 3178 iudices.
1839 3122 1921 3190 **)
1957 3120 2252 3174 Nazareos.

372 3196 489 3260 ““““)
529 3196 741 3264 Incipit
781 3212 833 3264 p.
877 3197 965 3248 LI.
1004 3194 1194 3249 MSOi.

557 3356 609 3416 1}
649 3356 849 3408 Deest:
897 3356 1073 3409 tantis
1118 3359 1192 3410 et.
1265 3355 1323 3422 2)
1376 3325 1526 3410 sunt.
1599 3353 1656 3422 3)
1693 3358 1753 3407 et
1787 3355 1877 3408 ad.
1950 3353 2007 3421 4)
2063 3354 2252 3406 deest:

372 3430 625 3480 tutorem
657 3430 733 3480 etc
789 3428 1043 3492 Legitur:
1080 3426 1481 3481 mittissimum
1504 3430 1744 3494 patrem.
1818 3425 1873 3494 5)
1928 3425 2113 3479 deest:
2146 3427 2253 3477 etc.

372 3496 432 3564 ἢ]
468 3496 741 3548 Addit-ur:
781 3500 971 3564 Atque
1006 3496 1150 3551 haec
1186 3498 1364 3551 etiam
1398 3513 1517 3551 una
1554 3512 1727 3550 causa
1763 3500 1869 3565 est,
1922 3511 2023 3550 cur
2059 3510 2253 3548 eorum

553 3656 613 3720 ᾔ
649 3656 1031 3724 Exprnbratio
1066 3656 1514 3724 ingratitudinis.
1587 3654 1682 3724 ††)
1717 3653 2018 3708 Nazaraeis
2054 3653 2255 3707 vinum

376 3728 753 3792 prohibitum
829 3728 995 3781 Num.
1033 3727 1083 3780 6.
