2584 4267
251 282 316 348 278
586 283 692 366 Caput
714 285 846 348 tertium

251 481 327 525 suae
350 460 585 524 misericordiae
607 460 875 542 patefaciendam.
912 462 1081 535 Quomodo
1103 464 1202 526 enim

251 550 443 614 beneficium
466 550 507 613 ab
530 571 569 614 eo
591 551 722 631 agnosci
737 557 852 632 potest,
877 551 934 631 qui
949 552 1075 614 nullum
1091 553 1204 616 sensit

250 637 516 702 incommodum?
560 639 620 701 Dei
642 640 741 720 igitur
763 640 923 702 immensa
945 640 1072 704 bonitas
1094 642 1134 704 in
1159 661 1202 704 eo

251 728 415 804 elucescit,
451 727 539 808 quod
572 728 698 792 miseris
733 729 955 810 peccatoribus
983 737 1015 793 et
1044 736 1202 793 aeternae

250 817 348 881 morti
370 814 521 892 addictis,
553 818 691 898 gratiam
713 816 918 899 peccatorum
941 817 1033 895 facit,
1065 825 1096 882 et
1117 819 1199 880 hae·

251 905 342 968 redes
374 910 521 970 aeternae
556 907 642 970 vitae
676 907 859 987 constituit·
906 905 1059 971 Salutaris
1092 907 1201 988 igitur

250 995 375 1074 rugitus
401 993 455 1056 ille
485 999 548 1070 est,
584 996 645 1058 etsi
679 995 893 1058 formidabilis
926 1001 958 1059 et
987 997 1102 1077 plenus
1134 1002 1198 1060 ter·

250 1084 330 1146 roris
354 1083 405 1146 sit.

345 1166 603 1252 lPost'rugitum
627 1178 736 1236 autem
764 1193 806 1236 ex
827 1172 922 1249 Zion,
954 1172 1052 1236 etiam
1079 1193 1197 1256 yocem

252 1261 309 1324 dat
330 1281 372 1323 ex
386 1261 599 1338 Hierusalem,
623 1262 686 1325 hoc
701 1267 758 1338 est,
783 1261 925 1342 loquitur
947 1260 1107 1339 blandius,
1133 1265 1200 1326 nec

251 1350 391 1430 amplius
420 1355 530 1426 terret,
567 1350 624 1412 sed
652 1351 835 1414 consolatur
865 1351 1006 1426 animos,
1040 1353 1200 1432 proponit

251 1439 351 1518 patris
374 1438 425 1500 sui
447 1438 734 1502 clementissimum
763 1439 925 1516 animum,
956 1438 1047 1502 iubet
1076 1441 1197 1521 respici

251 1527 286 1588 irr
309 1545 436 1588 crucem
466 1545 573 1603 suam,
604 1528 751 1591 hortatur
776 1533 814 1590 ut
836 1527 956 1590 fiducia
978 1547 1055 1590 suae
1077 1529 1197 1592 mortis

252 1634 416 1696 speremus
461 1615 684 1678 remissionem
729 1622 948 1698 peccatorum,
995 1622 1028 1679 et
1071 1617 1196 1680 fiducia
1257 1624 1270 1692 ’ζ

250 1703 489 1766 resurrectionis
535 1724 701 1785 speremus
747 1711 911 1768 aeternam
955 1705 1115 1768 iustitiam
1162 1713 1197 1770 et

250 1793 360 1855 vitam.
414 1792 509 1855 Iubet
541 1800 579 1856 ut
611 1794 812 1875 baptizemur
844 1793 881 1855 in
914 1813 1007 1856 suam
1041 1801 1194 1872 mortem,

250 1881 341 1944 iubet
374 1887 410 1944 ut
443 1881 677 1946 manducemus
711 1901 827 1964 corpus
861 1902 957 1945 suum
997 1903 1056 1964 pro
1097 1884 1221 1947 nobis*

250 1970 414 2046 traditum,
439 1974 471 2032 et
492 1970 643 2034 bibamus
667 1971 858 2050 sanguinem
880 1990 976 2033 suum
991 1992 1050 2053 pro
1072 1973 1195 2036 nostris
1271 2027 1273 2042 ,

251 2059 389 2140 peccatis
412 2060 561 2122 effusum.
606 2060 678 2122 Hoc
701 2061 770 2123 oleo
793 2060 912 2123 lenitur
934 2061 1089 2141 asperitas
1113 2061 1192 2138 vini,
1223 2139 1226 2142 .

251 2154 284 2210 et
304 2147 517 2212 traducuntur
539 2148 641 2211 animi
664 2169 683 2210 a
704 2154 795 2212 metu
823 2155 855 2212 et
883 2168 1000 2230 pavore
1033 2149 1076 2212 ad
1108 2155 1193 2213 tran·
1252 2177 1254 2182 ·

233 2236 442 2316 'quillitatem
476 2243 508 2300 et
540 2237 707 2301 laetitiam.
766 2237 934 2311 Quomodo
969 2239 1057 2300 enim
1091 2239 1192 2301 deum

248 2329 442 2400 metuerent,
474 2345 573 2404 quem
595 2326 792 2405 nequidem
815 2325 881 2388 filio
904 2326 1016 2390 rident
1038 2329 1193 2408 parcere?
1256 2405 1258 2412 Ι

250 2411 418 2485 Quomodo
448 2411 487 2474 de
511 2414 613 2476 salute
636 2433 695 2476 sua
718 2414 903 2477 dubitarent
929 2416 1082 2496 amplius,
1116 2437 1192 2479 oum

248 2499 380 2561 videant
401 2499 505 2561 filium
520 2501 562 2563 ad
577 2501 726 2564 dextram
741 2503 851 2584 patris,
876 2504 934 2583 qui
957 2504 1116 2584 sanguine
1133 2525 1193 2568 suo
1270 2569 1273 2588 ,

249 2607 350 2668 genus
365 2589 557 2667 humanum,
578 2595 735 2670 tanquam
750 2593 914 2673 peculium
929 2592 992 2656 sibi
1007 2593 1191 2674 acquisivit.
1271 2589 1273 2594 ’

342 2670 412 2738 ²Ad
447 2678 533 2740 hanc
563 2679 662 2759 igitur
677 2685 802 2744 'vocem
836 2681 876 2743 de
906 2682 985 2745 Zion
1019 2689 1191 2745 sonantem

249 2772 468 2829 commovetur
501 2768 626 2830 coelum
661 2774 694 2831 et
726 2775 819 2832 terra.
878 2770 1009 2833 Ocelum
1048 2772 1193 2852 aperitur
1269 2785 1273 2850 t

248 2874 308 2917 nec
330 2861 441 2918 manet
463 2856 602 2937 amplius
624 2857 780 2920 clausum.
826 2859 920 2921 Pater
945 2859 1015 2940 ipse
1038 2859 1079 2922 de
1103 2861 1193 2924 coelo
1271 2851 1273 2872 ³

247 2944 342 3007 nobis
380 2945 587 3008 commendat
622 2945 743 3022 filium,
791 2952 823 3008 et
860 2947 1077 3026 descendunt,
1124 2970 1191 3012 norr

249 3033 353 3096 solum
382 3035 487 3114 angeli
516 3034 688 3098 miscentes
711 3033 870 3114 colloquia
892 3056 967 3098 oum
989 3037 1190 3115 hominibus,
1271 3039 1273 3118 j

249 3122 305 3184 sed
334 3122 405 3203 ipse
432 3121 485 3183 dei
519 3123 668 3204 spiritus,
703 3129 741 3186 ut
773 3123 900 3186 habitet
932 3124 984 3186 in'
1002 3127 1191 3206 corporibus

248 3209 375 3272 nostris.
433 3210 524 3273 Haec
545 3211 701 3274 inusitata
723 3211 856 3274 fuenrnt
879 3217 953 3276 ante
975 3212 1061 3277 hanc
1076 3225 1190 3278 vocem

248 3298 288 3359 de
322 3298 497 3361 Ierusalem
537 3307 716 3363 sonantem.
775 3301 872 3363 Terra
906 3320 1035 3382 quoque
1070 3324 1191 3368 novam

247 3405 377 3468 prorsus
399 3387 507 3452 induit
529 3388 654 3451 faciem.
691 3388 764 3476 ,Qui
787 3388 890 3452 securi
913 3396 1004 3452 erant
1026 3391 1152 3474 incipiu

248 3475 360 3538 timere
383 3475 496 3553 deum,
528 3476 696 3557 deponunt
723 3497 789 3540 non
813 3478 918 3542 solum
941 3479 1050 3543 studia
1072 3485 1153 3544 carni

337 3684 365 3752 1)
383 3685 520 3740 Doctrina
538 3685 575 3740 de
592 3686 763 3742 remissione
776 3693 965 3757 peccatorum.
994 3688 1023 3756 2)
1044 3676 1145 3746 Gorrlm
1213 3711 1214 3716 ¹

248 3756 319 3809 coeli
338 3761 368 3809 et
385 3759 469 3811 terra.
