2584 4267
432 280 530 343 Joelis
553 282 737 362 prophetae.
989 283 1053 346 217

91 463 98 470 '
167 459 369 522 vobiscum
391 457 506 534 fecit,
531 464 571 520 et
593 478 672 521 non
695 458 968 524 confundetur
990 482 1064 542 pot

167 547 281 628 pulus
304 565 414 609 meus
436 548 477 610 in
500 553 719 610 aeternum.

210 689 343 752 Ostendi
373 706 483 770 supra·
500 709 646 766 eausam,
678 709 734 752 our
761 690 842 752 haec
870 691 1056 772 prophetiae

126 798 194 859 pars
220 777 260 840 de
286 784 430 858 tempore
459 779 537 843 novi
564 779 750 842 testamenti
774 779 982 858 intelligenda
1004 781 1054 844 sit.

126 867 203 929 Nam
231 866 394 930 doctorem
420 866 562 930 iustitiae
570 875 581 943 ,'
613 868 688 930 novi
717 868 902 931 testamenti
930 875 962 933 et
991 889 1057 931 non

126 956 197 1035 legis
220 955 383 1018 doctorem
405 975 474 1020 esse
496 955 631 1038 planum
654 962 711 1033 est,
735 963 768 1019 et
783 958 885 1019 solam
900 957 1057 1021 iustitiam

128 1043 262 1124 sequitur
284 1044 364 1106 haee
387 1044 496 1124 gloria,
520 1065 561 1108 ne
576 1045 613 1107 in
627 1051 795 1108 aeternum
810 1045 918 1126 aliqua
934 1046 1057 1109 accidat
1119 1059 1123 1068 '

126 1133 274 1196 confusio.
320 1133 491 1196 Mirabitur
513 1140 623 1196 autem
644 1134 752 1210 lector,
785 1152 841 1196 cur
868 1134 896 1196 si
918 1135 958 1196 de
982 1136 1057 1199 novi

126 1223 304 1285 testamenti
324 1227 469 1303 tempore
491 1222 643 1304 loquitur,
666 1221 720 1285 hio
739 1223 938 1286 mentionem
960 1223 1057 1286 faciat

127 1311 309 1374 calamitatis
337 1331 357 1374 a
384 1312 516 1374 locustis
544 1311 652 1374 illatae
686 1316 719 1374 11
753 1311 831 1372 aliis-
856 1312 962 1374 noxiis
992 1313 1055 1374 ani·

125 1400 293 1476 mantibus,
317 1420 456 1480 quorum
477 1400 513 1462 in
535 1400 640 1481 primo
664 1400 768 1481 capite
783 1399 917 1482 paulum
933 1407 1056 1466 mutato

124 1487 229 1551 ordine
259 1489 417 1552 meminit.
464 1488 528 1551 Sed
551 1488 708 1569 exempla
736 1489 772 1550 in
800 1488 966 1571 prophetis
989 1490 1055 1571 plu-

125 1576 199 1638 rima
233 1583 325 1652 sunt,
361 1597 444 1659 quae
474 1577 591 1640 docent
619 1577 761 1640 studiose
790 1577 832 1640 ab
862 1578 907 1640 eis
936 1579 1057 1642 involvi

123 1665 196 1728 haec
218 1666 381 1745 mysteria.
427 1665 585 1746 Loquitur
606 1666 705 1746 igitur
727 1666 885 1748 propheta
913 1667 1057 1730 hicnon

124 1754 306 1835 simpliciter
327 1754 368 1816 de
389 1755 535 1832 locustis,
559 1775 618 1817 neo
641 1756 725 1818 solos
748 1754 819 1817 illos
842 1774 944 1816 annos
966 1755 1055 1817 intel-

86 1850 92 1858 ”
123 1842 199 1923 ligit‚
239 1843 276 1906 in
310 1863 390 1924 quos
425 1844 621 1907 calamitates
659 1862 757 1924 supra
791 1850 1079 1928 commemorem

122 1931 315 2009 inciderunt,
346 1933 402 1995 sed
430 1933 652 2014 complectitur
681 1938 786 1994 totum
814 1930 894 2011 legis
917 1937 1054 2014 tempus,

122 2040 181 2100 quo
210 2021 317 2084 defuit
344 2021 399 2084 hic
420 2021 561 2085 iustitiae
583 2021 703 2084 doctor.
750 2020 834 2082 Illud
857 2025 962 2082 totum
984 2039 1056 2084 vere

122 2110 220 2173 sterile
245 2116 278 2172 11
299 2109 526 2191 infrugiferum
547 2110 625 2185 fuit,
657 2109 739 2172 siout
768 2107 903 2190 epistola
930 2108 972 2171 ad
993 2110 1054 2172 He·

86 2232 90 2238 ·
122 2197 228 2262 braeos
252 2199 385 2280 pulchre
408 2199 499 2276 dicit,
530 2199 619 2279 quod
645 2197 837 2262 mandatum
864 2197 906 2262 sit
928 2197 1055 2277 abroga-

123 2293 202 2364 tum,
234 2287 313 2367 quia
342 2294 411 2351 erat
437 2288 604 2350 infirmum
633 2294 666 2350 et
687 2287 810 2350 inutile.
862 2281 947 2350 ²Lex
969 2287 1056 2349 enim

124 2375 198 2438 nihil
221 2375 265 2439 ad
287 2377 518 2457 perfectionem
539 2376 685 2452 adduxit,
710 2376 781 2439 ideo
804 2376 987 2440 introducta
1009 2382 1057 2438 est

124 2465 229 2528 melior
252 2485 335 2546 spes,
359 2485 417 2547 per
440 2466 596 2546 quemad
611 2465 710 2528 deum
725 2458 1052 2547 appropinquamus.²

125 2552 220 2617 Vocat
241 2554 321 2633 legis
344 2555 524 2618 doctrinam
552 2554 731 2629 infirmam,
762 2555 840 2634 quia
862 2575 920 2618 nos
944 2574 1055 2618 sumus

125 2641 253 2718 infirmi,
284 2644 403 2722 quibus
426 2644 502 2706 data
524 2649 588 2719 est,
619 2662 679 2704 nec
701 2661 873 2722 possumus
896 2649 1055 2724 praestare

127 2732 204 2809 quod
228 2730 330 2811 exigit
352 2752 372 2794 a
316 2731 497 2795 tnobis.
532 2731 668 2794 Perinde
684 2729 772 2792 enim
788 2750 825 2793 ac
847 2731 875 2793 si
897 2732 1056 2793 infantem

126 2817 153 2881 in
185 2818 278 2883 cunis
312 2821 424 2883 iubeas
458 2838 588 2882 mensae
623 2818 769 2882 assistere
803 2824 836 2880 11
864 2819 1054 2894 ministrare,

127 2926 199 2972 vana
221 2916 255 2972 et
277 2909 367 2972 irrita
388 2929 428 2972 ea
449 2909 547 2972 fuerit
569 2906 761 2990 praeceptio.
807 2905 880 2968 Non
908 2925 946 2968 ea
968 2907 1056 2968 enirn

127 3005 165 3061 cst
197 3004 303 3074 aetas,
338 3018 404 3061 non
433 2997 530 3060 robur
562 2996 660 3072 illud,
696 2995 799 3058 facere
828 2995 986 3075 imperata
1019 3002 1056 3058 ut

128 3088 217 3163 possit
253 3086 377 3149 infans:
424 3087 475 3149 Ita
512 3105 640 3166 quoque
684 3085 738 3146 lex
780 3084 936 3166 praecipit
973 3103 1055 3164 quae

128 3181 244 3256 propter
267 3169 414 3238 cordium
435 3174 677 3237 immunditiem
704 3181 863 3254 praestare
893 3194 959 3236 non
984 3193 1054 3255 pos·

128 3279 236 3326 sumus.

204 3352 307 3432 Igitur
334 3373 401 3415 non
423 3351 528 3416 solum
550 3350 696 3426 infirma,
727 3350 784 3413 sed
811 3351 909 3414 etiam
931 3351 1053 3414 inutilis

165 3461 170 3500 ;
190 3448 248 3518 111,
272 3461 333 3503 nec
355 3461 542 3522 quenquam
565 3439 696 3503 adducit
719 3438 760 3502 ad
782 3439 969 3522 perfeetum,
993 3441 1054 3504 hoc

161 3597 330 3610 ᾕ-

205 3686 232 3808 11)
255 3687 318 3741 Lex
344 3687 459 3742 infirma
487 3691 516 3741 et
543 3687 658 3741 sterilis.
713 3685 742 3754 2)
769 3686 846 3740 len:
874 3682 994 3736 Iohann.
1019 3682 1053 3734 17

166 3769 197 3809 m
235 3797 241 3809 .
