2584 4267
437 282 535 348 Joelis
557 283 741 364 prophetae.
807 307 816 318 ⁴
909 298 912 306 “
995 287 1057 350 199

130 465 167 522 ut
190 459 281 522 etiam
303 459 493 522 honorifices
515 479 606 536 eum,
634 459 696 522 hcc
726 466 788 537 est,
819 465 857 522 ut
883 460 1005 524 tribuas
1028 461 1058 524 ei

128 547 266 623 laudem,
296 567 387 627 quae·
401 547 462 611 soli
484 549 544 612 deo
566 549 710 625 debetur,
741 549 828 629 quod
856 549 898 613 sit
920 550 1059 614 clemens

129 642 161 700 et
182 635 369 713 misericors,
393 637 451 717 qui
472 637 634 717 ignoscere
657 643 690 702 et
711 637 862 701 omnibus
884 657 943 702 nos
965 638 1059 702 bonis

129 725 286 787 cumulare
307 725 399 802 velit,
428 746 494 788 non
521 733 652 808 propter
673 733 782 790 nostre
805 727 913 807 aliqua
933 727 1056 804 merita,

128 813 184 877 sed
207 819 332 895 propter
354 833 448 876 suam
469 815 734 892 misericordiam,
765 815 843 896 quia
864 816 969 879 bonus
999 822 1056 880 est.

127 901 178 963 Ad
214 903 298 966 hunc
331 902 467 966 modum
504 903 532 966 si
568 909 601 967 te
634 903 677 966 ad
714 905 893 968 orationem
929 925 1058 986 praepa·

126 992 251 1068 raveris,
274 997 312 1056 ut
330 998 363 1055 et
377 992 473 1068 noris,
497 1012 595 1073 quem
616 993 745 1058 invoces
768 999 801 1056 et
820 993 974 1057 intuearis
990 1014 1058 1076 pro·

127 1081 310 1143 missionem
331 1086 365 1144 et
391 1081 570 1145 confitearis
595 1080 824 1162 indignitatem
853 1088 957 1158 tuam,
988 1088 1059 1146 tum

126 1175 279 1249 oportune
301 1170 451 1233 ostendes
473 1170 665 1251 periculum,
694 1176 727 1233 et
748 1171 926 1252 postulabis
953 1190 1058 1252 opem.

127 1257 583 1428 Slu‘l'i‘tiliiilliligli
598 1258 1058 1430 futttttlttttt

125 1442 188 1497 tuo.
225 1435 401 1516 Distinguit
415 1437 504 1498 enim
518 1437 669 1500 ecclesiae
684 1437 842 1519 populum
854 1437 895 1500 ab
907 1436 1058 1500 omnibus

125 1524 195 1586 aliis
218 1525 358 1605 populis,
385 1525 442 1604 qui
464 1524 563 1588 etiam
585 1532 663 1589 sunt
684 1526 797 1607 popuii
818 1526 885 1603 dei,
915 1526 977 1588 hoc
1000 1531 1057 1602 est,

126 1631 144 1673 a
164 1611 227 1674 deo
247 1612 371 1676 conditi
392 1619 425 1676 et
446 1614 504 1694 qui
518 1615 738 1694 gubernantur
753 1634 772 1677 a
787 1615 857 1691 deo,
882 1615 938 1677 sed
953 1633 1058 1695 neque

126 1708 320 1780 cognoscunt
347 1701 460 1778 deum,
491 1721 551 1765 nec
579 1722 614 1766 se
643 1703 723 1766 deus
750 1703 797 1766 eis
824 1703 977 1766 revelavit
1002 1721 1059 1782 per

126 1791 257 1852 verbum
279 1809 385 1854 suum.
431 1791 574 1854 Ecclesia
588 1791 686 1871 igitur
700 1792 762 1854 hoc
776 1792 876 1855 habet
889 1790 1056 1866 eximium,

127 1877 210 1957 quod
232 1885 364 1944 vocatur
386 1880 525 1960 populus
547 1880 610 1956 dei,
634 1879 692 1960 qui
714 1879 858 1959 agnoscit
884 1879 995 1954 deum,
1026 1885 1059 1942 et

127 1967 176 2029 oui
197 1965 276 2030 deus
299 1987 333 2032 se
355 1962 535 2032 revelavit²
584 1967 647 2031 Sed
662 1969 757 2048 longe
771 1968 877 2030 maius
892 1973 949 2044 est,
971 1967 1059 2048 quod

127 2055 221 2118 ctiam
242 2055 474 2122 haereditatem
495 2063 597 2133 vocat,
622 2077 679 2120 ssu
699 2057 862 2140 peculium
883 2062 915 2120 et
937 2075 1058 2138 posses·

127 2144 247 2208 sionem
269 2145 331 2209 dei.
377 2140 519 2209 Includit
539 2147 628 2209 enim
650 2146 685 2208 in
707 2147 792 2212 hanc
811 2145 1059 2227 appellationem

127 2234 232 2296 omnia
253 2234 310 2297 illa
331 2234 506 2314 singularia
527 2235 698 2311 beneficia,
728 2235 847 2315 quibus
869 2233 949 2297 deus
970 2234 1059 2296 hunc

127 2323 279 2404 populum
298 2324 434 2400 ornavit,
450 2323 539 2404 quod
553 2320 696 2404 primum
710 2323 933 2388 Abrahamum
947 2322 1060 2402 selegit

128 2416 157 2474 et
176 2412 303 2476 ornav-it
324 2418 402 2478 note
422 2412 653 2489 ciicumsionis‚
676 2419 714 2476 ut
736 2418 920 2492 agnosceret
941 2431 976 2475 se
998 2411 1059 2474 deo

128 2498 257 2563 charum
290 2506 323 2563 et
356 2519 449 2564 curae
483 2521 561 2567 esse.
614 2501 738 2564 Deinde
772 2500 859 2583 quod
892 2499 1060 2564 benedixit

127 2587 190 2652 eius
216 2589 409 2671 posteritati,
441 2591 529 2670 quod
556 2590 704 2654 liberavit
732 2610 807 2654 eum
837 2610 878 2652 ex
899 2591 1057 2670 Aegypto,

128 2678 209 2756 quod
232 2677 324 2741 dedit
345 2679 479 2742 verbum
500 2685 534 2742 et
555 2679 689 2755 cultum,
713 2678 800 2759 quod
822 2677 1002 2742 introduxit
1023 2677 1058 2738 in

129 2765 254 2830 Canaan
276 2767 364 2847 quod
385 2768 559 2849 prophetas
581 2772 622 2833 et
635 2779 725 2846 reges
747 2773 781 2830 et
795 2766 943 2830 victorias
958 2765 1059 2828 claras

128 2853 221 2919 dedit.
271 2856 363 2918 Haec
390 2857 501 2920 omnia
529 2855 750 2937 complectitur
779 2855 949 2936 propheta,
983 2871 1059 2914 cum

129 2945 265 3025 appellat
286 2945 374 3021 hunc
396 2945 553 3027 populum
575 2943 807 3008 haereditatem
824 2958 882 3006 seu
896 2941 1059 3023 peculium

129 3032 183 3095 dei.
237 3033 286 3095 Ac
319 3033 520 3098 considerata
556 3035 636 3098 haec
673 3032 843 3113 diligenter
879 3029 1060 3096 accendunt

127 3122 271 3185 animum
293 3128 327 3185 et
347 3123 440 3202 quasi
457 3123 555 3186 robur
569 3122 706 3186 orationi
721 3121 855 3198 addunt,
879 3126 917 3183 ut
932 3119 1060 3182 animus

128 3216 207 3274 certo
238 3216 372 3287 statuat,
403 3210 550 3274 futurum
577 3217 615 3274 ut
644 3231 711 3274 non
740 3210 859 3274 frustra
887 3208 1059 3289 fatigemus

127 3297 220 3362 deum
243 3299 392 3380 precibus
414 3300 540 3377 nostris,
563 3300 630 3363 iam
653 3305 748 3362 antea
769 3305 838 3362 tam
859 3297 945 3362 varie
967 3304 1059 3363 testa·

155 3408 193 3449 m
216 3402 310 3450 suam
333 3389 487 3450 eximiam
509 3408 584 3468 erga
605 3409 665 3451 nos
687 3387 953 3451 benevolentiam.

216 3470 298 3539 ³Sed
319 3477 414 3557 longe
436 3477 608 3541 illustriora
628 3478 710 3540 haec
725 3482 800 3540 sunt
819 3476 855 3538 in
869 3496 953 3542 nova
967 3481 1059 3539 testa·

213 3685 242 3754 1)
260 3687 389 3742 Ecclesia
406 3686 530 3756 populus
548 3687 603 3741 dei.
639 3685 668 3756 2)
688 3685 817 3742 Ecclesia
828 3684 990 3740 haereditas
1003 3673 1058 3737 dei.
1161 3651 1164 3657 Ι

171 3755 300 3812 Ecclesia
317 3758 386 3813 novi
403 3758 578 3812 testamenti.
