2584 4267
501 316 629 380 422
1000 408 1003 409 V
1139 312 1355 393 Caput
1397 316 1721 391 quartum.

501 492 737 556 tentius
780 509 931 554 cum
975 494 1112 554 tota
1156 487 1350 552 domo
1380 486 1737 552 combusta.
1828 486 1930 549 Ita
1976 491 2043 548 et
2072 485 2349 566 reliquiae

501 591 741 644 1331133
773 579 986 643 nullae
1017 584 1172 642 sunt
1209 577 1300 640 ad
1326 583 1540 641 totum
1568 575 1885 659 populum
1914 575 2176 639 collatae
2206 581 2309 637 etc.
2322 570 2343 606 ¹

501 672 601 732 Sis
649 680 713 732 31
766 669 1226 732 iustificatums
1282 686 1403 729 nos
1458 665 1763 729 dominus
1820 660 2164 728 nobiscum
2218 663 2346 744 agit,

497 764 691 820 terret
737 757 799 821 e't
841 759 935 821 ita
977 755 1320 820 confundit
1371 753 1825 829 conscientias,
1882 758 1961 816 ut
2021 759 2231 815 actum
2282 751 2350 814 de

497 848 685 912 331113
733 866 868 909 3333
922 852 1254 927 putemus,
1317 844 1507 925 quasi
1560 843 1696 905 iam
1755 841 2160 905 aeternaliter
2200 840 2347 903 dam-

501 936 701 1000 nandi
745 936 980 1011 simus,
1028 940 1097 998 et
1139 940 1360 998 tamen
1416 952 1669 1014 semper
1727 931 1980 1012 reliqua
2021 936 2122 997 est
2163 930 2352 1011 aliqua

497 1044 793 1108 31133,113
840 1042 1100 1105 prorsus
1147 1022 1579 1103 desperemus,
1642 1019 1835 1113 eripit
1889 1039 2014 1083 nos
2068 1026 2352 1100 tanquam

497 1123 733 1176 13113111
778 1132 860 1175 ex
903 1112 1070 1193 igne.
1077 1115 1118 1194 †
1207 1112 1435 1191 Itaque
1472 1110 1581 1172 hic
1626 1115 1693 1172 et
1734 1109 1979 1172 similes
2023 1109 2147 1172 loci
2184 1113 2244 1170 et
2282 1106 2351 1169 ad

497 1204 868 1268 terrendum
898 1206 965 1264 et
993 1201 1078 1263 ad
1109 1199 1575 1265 consolandum
1605 1205 1758 1262 sunt
1796 1197 2039 1278 scripti.
2118 1198 2354 1258 Terrent

501 1312 573 1356 33
581 1312 625 1368 3,
677 1291 792 1372 qui
836 1289 1033 1353 durae
1078 1289 1343 1354 cervicis
1398 1294 1551 1353 sunt
1592 1294 1661 1351 et
1717 1287 2043 1351 obstinate
2098 1304 2349 1367 perseve-

497 1388 645 1444 rant
689 1384 760 1441 'm
805 1398 924 1441 sua
965 1378 1231 1455 iustitia,
1298 1377 1709 1441 consolantur
1752 1395 1882 1452 303,
1945 1375 2063 1456 qui
2103 1373 2351 1439 humiles

497 1476 562 1532 31
609 1467 850 1530 adflicti
895 1484 1172 1530 errorem
1217 1470 1592 1546 agnoscunt.
1598 1469 1683 1547 ††
1772 1465 2012 1535 Beatus
2066 1463 2177 1544 qui
2216 1463 2349 1525 haec

501 1556 815 1636 intelligit.

657 1700 1062 1780 Quapropter
1104 1697 1267 1760 haec
1311 1696 1549 1760 faciam
1593 1695 1715 1759 tibi
1758 1695 2011 1760 Israhel
2054 1688 2204 1759 etc.²

677 1815 994 1896 Quidam³
1047 1821 1155 1884 hic
1200 1820 1471 1902 eclipsin
1516 1841 1654 1885 esse
1699 1820 1948 1898 volunt,
1998 1825 2074 1884 ut
2116 1818 2196 1882 sit
2234 1835 2347 1880 sen·

501 1912 729 1972 tentia:
775 1911 954 1973 Haec
998 1910 1311 1974 hactenus
1357 1909 1478 1973 tibi
1522 1910 1666 1985 feci,
1715 1928 1911 1991 pergo
1957 1909 2123 1972 ultra
2149 1906 2346 1968 facere.

501 2000 677 2072 Quas
737 1999 1055 2062 sententia
1119 1999 1287 2062 mihi
1352 2018 1486 2063 non
1550 1998 1878 2080 probatur.
1976 1995 2149 2072 Quid
2201 1993 2349 2058 enim

501 2088 764 2152 adderet
808 2088 1112 2151 dominus
1157 2087 1239 2151 iis
1286 2088 1401 2168 qui
1430 2087 1563 2150 iam
1594 2093 1785 2150 antea
1812 2092 1889 2150 ut
1916 2086 2194 2150 Sodoma
2220 2087 2349 2146 sunt

501 2178 804 2253 subversi,
855 2181 1050 2258 atque
1097 2176 1256 2240 adeo
1302 2183 1379 2240 ut
1406 2177 1518 2242 vix
1546 2176 1853 2256 reliquiae
1882 2173 2344 2259 minutissimae,

501 2272 813 2344 tanquam
859 2285 930 2330 os
976 2265 1262 2330 oviculae
1310 2285 1393 2328 ex
1450 2285 1558 2329 ore
1609 2265 1833 2341 leonis,
1905 2269 2025 2328 aut
2088 2262 2221 2326 titio
2280 2277 2348 2321 ex

497 2354 795 2416 incendio
866 2360 1142 2435 ereptus,
1212 2355 1346 2418 sint
1410 2359 1716 2418 servatae.
1808 2353 1959 2415 Μ33
2017 2372 2161 2416 vero
2213 2349 2350 2411 haec

501 2448 597 2504 331
641 2441 978 2517 sententia,
1026 2461 1089 2520 q.
1139 2442 1232 2504 sic
1276 2442 1340 2504 d.
1388 2442 1665 2506 Israhel
1677 2449 1751 2506 tu
1794 2448 1992 2524 putas
2036 2448 2098 2506 te
2141 2437 2345 2502 habere

501 2528 697 2592 deum
745 2529 1113 2611 propitium,
1171 2549 1369 2610 quem
1412 2531 1486 2594 in
1528 2532 1709 2594 Betel
1748 2536 1979 2595 contra
2019 2532 2222 2610 legem
2259 2522 2348 2587 dei
2399 2580 2412 2593 .

497 2620 751 2720 31133113
798 2624 863 2682 et
905 2619 1184 2695 invocas,
1255 2619 1371 2682 sed
1438 2621 1681 2702 respice
1726 2619 1811 2682 ad
1869 2639 1997 2697 me,
2067 2639 2181 2698 ego
2222 2631 2346 2678 sum

497 2708 613 2788 qui
661 2716 721 2772 13
765 2708 1053 2789 percu-tio
1067 2757 1081 2785 ,
1130 2713 1324 2789 atque
1368 2708 1515 2772 ideo
1560 2709 1646 2772 ad
1690 2729 1795 2772 me
1839 2708 2051 2772 redire
2095 2706 2345 2775 deberes,

497 2804 565 2860 31
609 2796 984 2880 praeparavi
1025 2797 1099 2860 in
1143 2816 1482 2871 occursum
1526 2817 1766 2874 meum,
1824 2797 1943 2861 sed
2003 2816 2136 2861 non
2192 2790 2344 2856 facis.

904 3028 909 3029 ἶ
1059 2939 1141 3005 In
1186 2959 1525 3004 occursum
1569 2960 1809 3034 meum.

673 3045 802 3109 Hic
875 3047 1113 3110 iterum
1190 3047 1444 3110 variant
1521 3044 1920 3128 interpretes.
2045 3037 2346 3108 Sententia

677 3220 733 3288 1}
787 3179 979 3276 deest.
1030 3224 1136 3275 etc.
1209 3220 1266 3288 2)
1324 3221 1516 3276 deest.
1571 3224 1679 3275 etc.
1752 3221 1809 3290 3)
1864 3222 2030 3276 deest
2064 3220 2179 3274 fere
2211 3216 2344 3269 totus

497 3292 685 3344 lusus:
745 3291 994 3354 Quidam
1050 3321 1115 3330 —
1171 3292 1411 3346 Israhel.
1486 3291 1688 3346 Editor
1740 3292 1984 3349 Lutheri
2028 3286 2346 3349 sententiam

497 3360 709 3412 11311131
767 3361 941 3428 1113113
1007 3363 1072 3416 111
1147 3362 1499 3417 contrarium
1554 3367 1869 3418 commutat
1932 3352 2344 3417 dicens2Mih1

497 3432 685 3500 1113331
721 3431 815 3485 1113
850 3449 979 3487 3333
1015 3433 1275 3502 eclipsin,
1312 3435 1380 3487 ut
1416 3433 1494 3487 sit
1531 3434 1843 3489 sententia.
1894 3433 2056 3488 Haec
2091 3432 2315 3486 hactenu

497 3504 605 3556 tibi
641 3504 766 3570 feci,
803 3507 864 3557 et
897 3520 1133 3572 pergam
1168 3504 1374 3558 eadem
1425 3504 1535 3559 tibi
1584 3505 1787 3560 facere.
1861 3505 1981 3560 Alii
2028 3502 2241 3559 malunt
2272 3511 2312 3551 Β]

497 3590 800 3644 exponere,
839 3575 1007 3642 quasi
1044 3575 1230 3630 dicat.
1267 3576 1493 3630 Israhel
1530 3591 1655 3645 sqq.

637 3718 697 3784 †:‡
751 3713 1153 3786 Desperationi
1205 3718 1457 3787 proximi
1510 3718 1843 3775 liberantur.
1930 3717 2027 3784 ††)
2078 3711 2312 3779 scriptur

497 3792 673 3840 131131
709 3793 768 3842 et
803 3789 1144 3845 consolatur.
