2584 4267
233 291 297 354 428
562 291 668 374 Caput
688 293 842 373 quintum
1133 11 1280 434 Ὗ

231 467 395 550 hypocrisi
418 487 578 550 quaerere,
603 469 661 533 sed
675 477 714 534 ut
728 469 827 533 estin
849 463 1008 551 psalmo*:
1032 468 1084 531 Ex
1106 474 1185 533 toto
1276 437 1280 559 i

153 593 155 596 -
232 557 326 620 corde
350 555 570 639 quaerendus¹
598 564 657 636 est,
680 578 735 622 cor
756 557 901 638 requirit,
925 577 992 621 non
1007 564 1184 620 externam
1278 581 1280 642 5

231 647 372 710 vestium
388 647 584 724 scissionem,
610 648 693 711 sieut
707 653 741 710 et
754 646 874 710 Iohelis
890 647 921 708 2.
946 646 1008 709 ait:
1031 646 1184 709 Scindite
1278 661 1280 712 ζ

232 734 329 799 corda
351 741 456 800 vestra
478 743 537 800 etc.
584 736 636 799 Sic
664 742 698 799 et
725 737 799 800 Esa.
825 734 917 813 21.†:
952 733 986 798 Si
1020 735 1183 815 quaeritis
1278 780 1280 816 ,

233 823 413 901 dominum,
437 825 590 906 quaerite,
614 824 840 889 convertimini
862 829 896 886 et
916 824 1033 887 venite.
1278 833 1280 868 ³

593 985 636 1048 Et
657 984 816 1066 vivetis††
930 1004 935 1008 ·
1036 979 1040 983 ’

321 1089 534 1154 Hebraismus
569 1097 626 1168 est,
662 1109 763 1171 quam
795 1089 896 1155 latine
929 1097 1094 1171 utcunque
1132 1089 1184 1153 sic

232 1177 407 1256 reddimus,
431 1178 466 1241 id
489 1184 550 1243 est:
573 1179 657 1243 bene
671 1180 848 1244 habebitis:
877 1180 1029 1260 frequens
1050 1185 1100 1242 est
1121 1179 1185 1241 hic
1278 1177 1280 1248 ξ

232 1267 435 1332 hebraismus
457 1269 493 1332 in
516 1269 699 1350 scripturis,
733 1274 788 1332 ut·
804 1268 840 1331 in
873 1269 998 1350 psalmo
1035 1267 1185 1349 141.†††
1278 1322 1280 1326 .

231 1355 339 1419 Portio
360 1376 435 1418 mea
456 1358 492 1418 in
514 1363 600 1420 terra
621 1357 810 1422 viventium.
857 1356 909 1420 Sic
939 1357 1013 1420 Esa.
1038 1353 1185 1438 38.i†l†
1278 1389 1280 1431 2

231 1443 267 1505 in
290 1445 415 1508 cantico
438 1445 608 1508 Ezechiae:
642 1446 721 1508 Dixi
754 1466 821 1510 non
853 1444 971 1520 videbo
1004 1445 1185 1508 dominum

231 1530 266 1593 in
281 1537 365 1595 terra
386 1531 681 1613 viventium,†l†††
703 1534 819 1598 idest:
841 1535 878 1596 in
892 1540 977 1597 terra
992 1532 1049 1597 ubi
1064 1534 1185 1597 omnia
1278 1540 1280 1598 ἐ

231 1640 384 1702 prospera
406 1629 483 1685 sunt
505 1629 538 1686 et
560 1624 671 1686 omnia
692 1624 775 1686 bene
797 1623 929 1688 habent.

601 1765 641 1827 In
663 1765 814 1829 Bersabe.

322 1869 445 1933 Eadem
461 1869 524 1934 fuit
539 1868 800 1952 stultitiaffiffi
814 1871 912 1933 huius
934 1870 1047 1953 populi
1062 1875 1096 1933 et
1117 1870 1182 1933 im-
1278 1876 1280 1944 ξ

231 1957 349 2038 pietas,
374 1978 457 2040 quae
480 1965 530 2022 est
558 1965 761 2037 nostrorum,
789 1959 846 2040 qui
868 1960 904 2022 in
926 1960 1081 2023 honorem
1104 1979 1182 2022 san·
1277 1976 1280 2040 ξ

233 2052 374 2125 ciorum,
403 2049 430 2110 si
461 2067 527 2128 quo
555 2045 625 2112 loco
655 2047 777 2111 fuerint
803 2054 860 2111 aut
889 2047 1012 2129 aliquid
1041 2047 1181 2129 egerint,
1278 2043 1280 2098 ἓ

231 2136 391 2217 templum
403 2140 460 2200 aut
471 2156 560 2200 aram
571 2132 828 2201 instituerunt.**
842 2132 1078 2216 Idemtffiffi
1089 2157 1182 2218 pror·
1277 2128 1278 2185 i

233 2243 287 2286 sus
308 2225 371 2289 fuit
393 2225 482 2289 furor
501 2225 706 2290 Iudaeorum.
740 2226 781 2288 In
794 2226 885 2290 Betel
900 2226 1006 2290 fuerat
1019 2226 1129 2302 Iacob,
1142 2225 1183 2288 in
1277 2298 1278 2311 χ

232 2312 345 2376 Gilead
374 2321 466 2376 erant
495 2315 689 2392 circumcisi,
723 2315 759 2377 in
786 2315 926 2378 Bersabe
959 2320 1182 2378 commoratus
1277 2378 1278 2397 ,

232 2407 300 2462 erat
328 2402 502 2464 Abraham.
548 2402 627 2465 Ideo
656 2403 716 2465 hos
745 2403 831 2466 locos
859 2409 1018 2483 tanquam
1047 2408 1182 2467 sanctos
1277 2400 1278 2426 ³

232 2507 308 2568 prae
332 2490 444 2552 ceteris
467 2487 629 2570 eligebant
651 2496 684 2553 et
706 2493 831 2555 cultum
853 2493 995 2572 aliquem
1017 2492 1070 2554 dei
1084 2492 1181 2554 insti·
1277 2509 1278 2575 l

322 2662 347 2731 *)
377 2665 507 2732 psalmus
526 2664 586 2719 118.
623 2665 729 2718 Psalm.
758 2662 823 2719 144:
850 2680 940 2734 prope
966 2668 1013 2719 est
1038 2636 1182 2719 dominus

169 2740 172 2745 “
233 2733 368 2788 omnibus
386 2735 587 2791 invocantibus
606 2752 675 2790 eum
692 2737 724 2790 in
741 2737 871 2792 veritate.
913 2736 954 2804 “l
980 2736 1085 2790 Sancta
1102 2736 1180 2790 loca

323 2893 350 2962 1)
375 2895 470 2950 deest:
494 2897 676 2962 quaerendus
700 2923 733 2935 ·—
761 2897 869 2950 Iohelis
893 2896 919 2950 2.
945 2896 995 2951 ait.
1041 2896 1180 2963 legitur:
1276 2877 1277 2951 i

233 2980 270 3018 ex
278 2969 340 3020 toto
349 2965 433 3020 corde
443 2981 587 3036 quaerere,
603 2971 637 3019 ut
653 2966 728 3020 serio
741 2966 858 3021 doleant
869 2966 906 3021 de
918 2968 1046 3021 admisso
1056 2971 1182 3035 peccato
1276 2989 1277 3008 2

233 3040 262 3089 et
281 3051 332 3104 spe
351 3035 564 3092 misericordiae
582 3037 698 3093 divinae
717 3037 754 3091 ad
766 3038 976 3105 percutientem
988 3054 1020 3092 se
1031 3041 1181 3093 revertan-
1276 3062 1277 3069 ¹

232 3111 288 3175 tur,
308 3107 498 3175 deprecentur
510 3123 584 3178 eum,
602 3109 719 3163 veniam
731 3113 840 3177 petant,
857 3114 1018 3177 etpeocare
1029 3108 1180 3171 desinant
1275 3127 1276 3145 ³

233 3177 410 3246 Hypocritae
427 3179 484 3234 alio
502 3180 588 3234 modo
606 3184 750 3247 quaerunt
766 3180 877 3234 habent
894 3179 974 3234 enim
991 3195 1040 3234 cor
1056 3195 1180 3233 caecum
1275 3195 1276 3221 1

234 3253 264 3301 et
281 3248 484 3320 impoenitens,
503 3254 622 3317 peccata
640 3266 695 3305 sua
711 3266 772 3304 non
789 3250 906 3319 vident,
931 3251 997 3305 ideo
1021 3266 1081 3305 non
1099 3251 1181 3306 serio
1275 3268 1276 3305 ὲ

234 3318 369 3372 invocant
386 3319 481 3390 deum,
500 3324 530 3375 et
546 3321 844 3388 tantuminspeciem
855 3325 999 3389 quaerunt
1010 3321 1180 3388 ieiunando,
1274 3316 1276 3384 Ξ

235 3388 394 3443 scindendo
411 3395 508 3445 vestes
526 3395 578 3446 etc.
608 3392 664 3446 Sed
677 3392 737 3446 Ioel
754 3391 827 3446 dicit
845 3408 906 3461 cap.
919 3391 944 3444 2.
970 3392 1098 3445 Scindite
1111 3408 1149 3460 sq

323 3549 352 3618 †)
362 3549 428 3603 Esa.
438 3549 481 3603 21.
498 3551 546 3618 ††)
555 3550 669 3606 Vivere.
682 3551 748 3620 stt)
757 3552 855 3606 Psalm
865 3550 925 3605 141.
937 3551 1023 3620 iffi)
1034 3550 1150 3606 Esaia&

234 3618 336 3687 isti-t)
354 3620 441 3674 Terra
451 3622 619 3676 viventium.
656 3621 776 3690 fflffi)
794 3623 899 3677 Vnica:
918 3622 1048 3676 Stultitia
1058 3623 1146 3676 Israel

234 3691 389 3744 ethorum
414 3695 584 3760 temporum.
621 3692 759 3760 fflffi's)
785 3693 868 3748 Idam
891 3694 973 3748 furor
992 3694 1154 3748 Iudaeorur

235 3760 284 3825 qui
302 3763 514 3816 nostrorumin
533 3765 661 3818 colandis
679 3765 744 3818 diis.
