2584 4267
309 308 319 326 ⁸
396 320 494 384 Joclis
517 322 701 403 prophetae.
758 274 771 288 ἱ
953 322 1018 387 273

95 500 129 561 ad
148 498 424 579 tranquillitatem,
448 498 659 580 promissione
683 501 805 582 expiati
827 502 963 582 peccati,
988 508 1020 566 et

95 586 345 650 reconciliationis
367 587 557 669 peripsum
579 587 692 652 factae.
737 590 800 663 Qui
823 595 931 654 autem
954 611 1018 654 ver·

95 678 162 740 bum
182 680 404 752 contemnunt,
427 674 463 738 hi
486 676 546 739 etsi
569 676 610 739 ad
625 682 755 760 tempus
771 679 873 742 securi
895 678 1017 755 vivunt,

96 773 189 828 tamen
212 765 350 828 aeternis
373 765 663 830 circumvenientru
684 767 788 830 malis.

191 907 340 972 Mittite
386 905 529 984 falces,
583 908 778 988 quoniam
823 908 1020 973 maturuit

131 997 280 1074 messis,
320 995 471 1072 venite,
510 996 658 1074 venite,
698 1003 734 1060 et
772 997 1016 1061 descendite.

130 1086 227 1160 Quia
254 1086 469 1167 impletum
500 1091 558 1148 est
588 1085 788 1162 torcular,
816 1087 1017 1150 redunda·

73 1226 77 1235 .
130 1180 266 1238 rerunt
287 1173 528 1250 torcularia,
559 1174 657 1253 quia
678 1176 804 1237 multa
826 1181 884 1238 cst
907 1175 1017 1238 mali·

130 1265 182 1327 tia
204 1283 346 1326 eorum,

173 1383 279 1451 ¹Haec
307 1387 371 1450 alia
397 1387 577 1450 exhortatio
607 1393 669 1463 est,
698 1387 863 1468 pertinens
890 1391 1017 1471 proprie

97 1476 129 1538 ad
147 1477 307 1540 ministros
330 1475 503 1556 evangelii,
532 1495 670 1556 quorum
694 1495 790 1557 opera
811 1476 933 1540 bellum
956 1481 1018 1543 hoc

97 1565 228 1628 dominus
251 1565 343 1646 gerit,
366 1572 405 1628 ut
426 1585 545 1644 magno
568 1571 601 1626 et
614 1564 751 1628 infracto
767 1565 876 1629 animo
892 1573 1018 1631 tentent

96 1654 176 1717 huius
204 1655 280 1717 belli
309 1654 428 1730 aleam,
458 1653 537 1717 certi
564 1653 604 1715 de
627 1653 732 1715 foelici
755 1649 881 1718 eventu.
927 1656 1018 1720 Haec

97 1743 254 1806 cohortatio
288 1742 466 1805 admodum
499 1747 548 1805 cst
581 1743 772 1819 necessaria,
812 1763 895 1822 quae
930 1745 1017 1806 enim

97 1833 219 1911 pericula
241 1832 476 1896 confessionem
498 1837 531 1893 ct
552 1830 770 1894 ministerium
791 1832 854 1894 hoc
883 1851 1015 1913 sequan-

97 1926 145 1996 tru,
166 1928 277 1985 notum
300 1927 358 1984 est.
393 1920 477 1984 Vide
491 1919 632 1996 Ioannis,
649 1919 776 1995 Christi,
795 1911 1017 2001 “apostolorum

96 2008 240 2087 historias,
279 2029 389 2074 nonne
422 2015 528 2072 toturn
562 2008 699 2071 Satanae
733 2027 869 2088 regnum
906 2011 1018 2073 iritant

96 2105 189 2162 antra
210 2120 254 2176 se,
279 2100 336 2179 qui
350 2098 448 2161 fidem
463 2099 499 2160 in
515 2097 679 2161 Christum
694 2096 747 2160 dei
762 2097 865 2160 filium
885 2099 1013 2162 docent:

96 2187 178 2250 Satan
205 2195 315 2252 autem
342 2186 458 2251 mundi
485 2187 566 2249 deus
584 2194 621 2249 et
643 2185 793 2268 princeps
824 2194 880 2250 est.
928 2188 1017 2250 Sicut

96 2275 176 2354 igitur
218 2277 381 2360 principes
426 2276 631 2339 subditorum
677 2276 774 2338 armis
812 2296 846 2339 se
888 2282 920 2340 et
958 2297 1017 2340 sua

96 2370 224 2428 tuentur:
252 2368 304 2430 Ita
326 2367 424 2428 Satan
446 2366 546 2429 tetius
568 2364 684 2426 mundi
707 2364 828 2428 viribus
850 2365 952 2429 utitur
975 2365 1016 2428 ad

96 2454 328 2535 opprimendum
361 2455 586 2517 ministerium.
633 2454 741 2516 Firmo
775 2454 873 2534 igitur
906 2461 939 2517 et
970 2454 1016 2517 in-

97 2541 180 2607 tracto
202 2545 312 2607 animo
333 2544 374 2607 iis
397 2564 478 2625 opus
494 2550 552 2619 est,
577 2543 633 2623 qui
649 2543 864 2606 ministerium
880 2542 1018 2606 docendi

96 2630 208 2710 habent,
232 2653 293 2696 nec
314 2634 425 2695 terreri
440 2633 559 2695 debent
573 2632 698 2695 malitia
712 2631 838 2707 mundi,
862 2632 928 2695 imo
951 2652 1017 2712 quo

97 2723 221 2785 nundus
244 2723 334 2804 peior
355 2727 388 2785 et
409 2721 606 2802 desperatior
628 2725 685 2796 est,
711 2739 747 2781 eo
766 2719 880 2783 fortius
895 2721 1016 2783 incum-

97 2807 223 2873 bendum
246 2812 352 2874 estin
374 2810 646 2891 praedicationem
662 2808 828 2887 evangelii,
852 2814 890 2871 ut
904 2809 1018 2871 saltem

97 2896 181 2978 aliqui
201 2920 242 2962 ex
264 2900 401 2963 Satanae
424 2900 572 2962 faucibus
594 2897 780 2978 eripiantur.

170 2988 342 3064 Particula,
378 2989 532 3068 quoniam
561 2994 680 3066 magna
709 2992 758 3048 est
784 2984 909 3048 malitia
939 2985 1016 3061 eius,

98 3077 206 3156 proprie
229 3077 368 3159 pertinet
391 3077 433 3139 ad
455 3083 584 3158 tempus
600 3075 727 3138 Christi.
763 3074 906 3137 Mundus
930 3075 1017 3136 enim

98 3167 156 3224 turn
175 3172 334 3229 extremae
357 3165 420 3228 fuit
443 3171 620 3246 corruptus,
644 3170 677 3227 et
692 3163 828 3226 Satanae
851 3163 938 3226 furor
960 3164 1016 3226 im·

99 3253 242 3318 modicus:
265 3255 355 3318 Sicut
366 3255 511 3334 gentium
522 3253 674 3317 historiae
686 3260 719 3316 et
729 3253 878 3333 exempla
892 3253 1016 3316 docent.

99 3337 245 3407 huncum
268 3344 356 3406 enim
379 3343 442 3407 fuit
463 3343 684 3406 idolatriarum
711 3342 746 3403 in
769 3342 920 3404 omnibus
945 3363 1016 3422 gen-

100 3446 102 3453 ’
161 3434 193 3493 s?
236 3434 350 3514 Itaque
380 3439 494 3514 poetae
528 3451 656 3511 quoque
691 3431 952 3512 superstitionem
986 3438 1019 3494 ct

100 3535 102 3571 ῑ
161 3521 294 3586 latriam
316 3521 529 3603 exagitarunt.
576 3521 665 3582 Sicut
694 3520 748 3582 ille
771 3521 828 3599 qui
849 3521 1018 3600 Aegyptiis

166 3663 294 3673 *—

176 3731 200 3798 1)
218 3734 292 3786 len:
317 3733 490 3788 Exhortatio
508 3733 545 3787 ad
563 3731 714 3786 ministros
733 3728 887 3797 evangelii,
914 3729 947 3779 ut
966 3727 1018 3780 for-

174 3801 304 3857 dimioent
321 3806 353 3857 in
370 3806 426 3858 hoc
443 3805 528 3858 bello.

174 3901 211 3939 'uri
224 3911 271 3950 opp.
284 3907 368 3952 excget.
394 3902 443 3944 Vol.
456 3903 521 3942 XXV.
823 3887 857 3940 18
