2584 4267
369 297 411 342 ex
433 275 613 342 concionib.
636 274 742 340 Ioelis.
959 271 1025 340 307

506 453 596 519 VIII.

134 584 185 648 De
214 580 493 658 invocatione,
528 578 636 662 quod
669 579 824 644 afferat
856 548 982 674 vitam

444 675 660 734 aeternam.

179 813 221 878 Et
241 812 302 878 erit
322 811 431 876 omnis
452 811 511 893 qui
531 811 728 878 invocaverit
749 831 869 876 nomen
891 810 1026 890 domini,

102 902 273 967 salvabitur.
319 901 550 986 Compleetitur
571 908 682 966 autem
702 901 863 967 invocatio
881 900 1026 978 verbum,

103 998 301 1068 sacramenta,
339 995 373 1054 et
401 989 516 1067 fidem,
545 990 659 1055 Roma.
692 991 743 1054 10.
795 989 888 1056 Certo
919 996 1028 1055 autem

104 1079 218 1158 hebeto,
238 1081 326 1144 hune
348 1079 542 1144 sententiam
564 1098 585 1142 a
611 1079 702 1144 nullo
730 1077 859 1164 papista
881 1079 1026 1162 intelligi.

527 1256 587 1321 IX.

302 1383 355 1463 De
377 1382 596 1448 vocatione
618 1381 813 1464 gentium.

181 1525 220 1588 In
233 1530 345 1589 monte
358 1525 438 1589 Zion
453 1531 487 1589 et
499 1524 675 1590 Ierusalem
689 1523 750 1590 erit
764 1527 906 1606 salvatio,
931 1526 1029 1593 etiam

107 1611 288 1696 reliquorum
311 1633 392 1697 quos
413 1613 565 1680 dominus
587 1613 724 1680 vocabit.
878 1612 879 1616 ’

534 1792 577 1856 Χ.

229 1915 390 1981 Summa
422 1916 638 1982 doetrinae
672 1915 890 1998 evangelii.

184 2058 341 2123 Dominus
368 2058 429 2122 erit
455 2059 618 2141 refugium
646 2078 706 2124 suo
735 2059 872 2142 populo,
908 2062 941 2121 et
974 2078 1033 2122 arx

107 2144 172 2210 filiis
201 2148 312 2225 Israel,
354 2153 387 2212 et
420 2147 526 2212 seietis
563 2146 642 2229 quia
674 2167 733 2230 ego
767 2146 918 2211 dominus
952 2145 1034 2210 dsue

109 2241 208 2312 vester,
230 2236 343 2301 habito
364 2236 401 2300 in
422 2236 521 2301 Zione
543 2242 654 2301 saneto
676 2242 787 2302 monte
808 2255 891 2300 meo

531 2413 591 2478 XI.

131 2536 339 2602 Articulus
372 2535 566 2621 symboli,
587 2537 708 2691 tquod
742 2539 916 2604 ecelesia
949 2539 1005 2604 sit

486 2645 581 2692 sano
606 2646 635 2692 a.

146 2780 149 2788 '
187 2767 229 2832 Et
251 2773 330 2833 tune
351 2769 556 2834 Hierusalem
577 2775 689 2835 saneta
710 2769 779 2848 erit,
803 2776 837 2834 et
858 2770 956 2834 alieni
977 2790 1036 2854 per

109 2871 173 2917 eam
198 2876 265 2920 non
291 2858 486 2922 transibunt.
535 2859 619 2923 (lum
646 2860 709 2922 hae
738 2857 897 2924 sententia
926 2859 1036 2923 confer

109 2938 189 3006 illam
210 2944 392 3012 Tridentini
413 2947 631 3014 eonciliabuli:
666 2947 838 3012 Neminem
871 2945 934 3012 sibi
966 2967 1034 3031 per·

73 3058 77 3069 ·
110 3031 231 3098 suadere
253 3033 384 3114 debere,
412 3035 501 3117 quod
529 3034 572 3100 sit
599 3037 774 3120 ingratia.
820 3036 894 3105 Hoe
915 3035 1037 3102 sufficet

111 3124 153 3183 eet
175 3121 244 3186 sine
272 3122 338 3189 fide
365 3124 491 3209 plaeere
519 3124 595 3203 deo,
630 3125 716 3190 siout
741 3126 876 3210 epistola
902 3124 945 3191 ad
972 3125 1036 3189 He·

110 3204 210 3275 braeos
230 3210 334 3278 docet.

526 3391 601 3456 ΧΠ.

170 3511 467 3580 Testimonium
499 3513 548 3581 de
580 3515 787 3602 Baptismo
822 3511 902 3603 eap.
939 3518 970 3583 3.

190 3654 274 3721 Tum
296 3658 476 3740 egredietur
497 3658 570 3724 fons
592 3657 633 3723 de
656 3658 753 3724 domo
776 3659 910 3736 domini,
934 3658 1039 3740 qualis

155 3745 210 3808 lem
231 3745 305 3812 fons
327 3747 371 3811 sit
392 3747 533 3813 ostendit
554 3748 723 3815 Zacharias
744 3769 815 3832 cap.
841 3748 893 3811 13.
939 3811 941 3814 ,

821 3849 879 3905 200
