2584 4267
450 303 580 367 516
1269 299 1515 363 Abdias

754 479 975 559 Usque
1021 476 1107 540 ad
1151 477 1505 541 terminum
1547 477 1903 542 emiserunt
1947 482 2028 540 te.

630 583 879 649 Eadem
923 591 1022 648 est
1063 584 1338 666 phrasis,
1387 603 1555 664 quae
1585 589 1687 647 est
1711 583 1785 647 in
1828 583 1978 646 Esa.
2024 606 2164 666 cap.
2200 586 2333 666 U†:

446 677 696 756 Agrum
750 692 904 754 agro
961 673 1276 756 copulatis
1342 691 1550 753 usque
1618 671 1704 735 ad
1768 673 2122 736 terminum
2188 674 2329 738 loci.

447 765 569 827 Est
612 781 762 844 ergo
805 763 1155 826 sententia:
1205 761 1552 843 Expellent
1594 767 1659 824 te
1688 767 1757 825 et
1783 761 2084 826 emittent
2128 782 2333 842 usque

449 852 534 916 ad
579 852 886 915 terminos
933 851 1066 915 sive
1111 851 1274 913 fines
1320 857 1524 913 terrae
1569 855 1739 926 tuae,
1795 869 2056 932 prorsus
2116 854 2180 914 te
2228 854 2329 914 sii⁴

447 941 620 1004 cient
664 961 747 1002 ex
790 946 905 1003 tua
948 946 1132 1017 terra,
1180 945 1257 1002 ut
1301 959 1435 1002 non
1481 939 1569 1002 sis
1613 938 1957 1002 habiturus
2002 938 2180 1002 finus⁴

641 1116 884 1180 Omnes
928 1116 1051 1180 viri
1095 1115 1373 1180 foederis
1419 1117 1517 1180 tui
1561 1117 1905 1180 illuserunt
1948 1114 2128 1179 tibi.1

625 1223 820 1287 Tollit
863 1239 1125 1286 omnem
1154 1240 1380 1285 eorum
1408 1219 1887 1299 confidentiam,
1933 1241 2140 1302 usque
2172 1222 2333 1286 adeo

447 1310 614 1376 nihil
642 1312 777 1376 fore
807 1312 880 1374 in
910 1326 1038 1392 quo
1068 1311 1323 1394 possint
1358 1309 1557 1374 fidere
1584 1311 1926 1392 ingruente
1953 1310 2333 1386 vastatione,

447 1405 525 1464 ut
567 1421 700 1464 non
747 1401 958 1465 solum
1001 1399 1477 1463 munitissimae
1523 1399 1812 1464 civitates
1870 1405 1937 1463 et
1980 1420 2156 1462 arces
2204 1422 2337 1466 nun

370 1541 374 1545 .
448 1488 581 1553 sint
624 1489 1016 1571 profuturae,
1064 1488 1181 1551 sed
1225 1495 1292 1552 et
1335 1483 1618 1566 vicinos*
1671 1489 1947 1571 populos
1998 1490 2333 1550 confoede-

447 1584 618 1642 ratos
665 1597 816 1641 cum
845 1577 957 1653 eie,
1005 1577 1287 1640 fassuros
1320 1594 1458 1641 esse
1488 1585 1555 1642 et
1583 1597 1718 1640 non
1747 1581 2024 1642 staturos
2052 1578 2333 1642 foedere.

1020 1755 1168 1819 Non
1213 1761 1314 1818 est
1356 1750 1767 1838 prudentia*

626 1856 771 1925 Hoc
827 1867 927 1924 est
943 1911 958 1937 ,
1007 1854 1221 1964 quod³
1275 1881 1395 1925 nos
1440 1861 1805 1943 germanice
1852 1861 2156 1924 dicimus:
2224 1862 2337 1926 ‘Eu

446 1966 575 2028 nat,
622 1951 699 2016 bu
742 1949 956 2030 merdft
997 1949 1176 2030 ntcbt,
1234 1971 1368 2014 non
1428 1948 1916 2028 animadvertis,
1971 1949 2212 2014 frustra
2272 1958 2333 2014 te

446 2059 480 2102 s
528 2058 701 2126 erare
746 2039 818 2100 in
862 2037 1291 2120 brachium††
1337 2039 1545 2102 carnis
1561 2034 1651 2116 ‚³⁸³³
1694 2059 1852 2102 nam
1896 2038 2192 2102 futurum
2240 2049 2337 2102 est

444 2127 501 2212 ti
550 2127 564 2142 ‘
612 2127 883 2191 baculus
924 2123 1389 2204 harundineus,
1438 2146 1568 2208 quo
1599 2127 1657 2190 si
1685 2133 1750 2191 te
1781 2127 2006 2191 fulcire
2036 2130 2333 2206 volueris,

446 2235 722 2292 corrues,
769 2212 950 2279 nulla
992 2214 1358 2298 prudentia,
1406 2215 1662 2279 nullum
1708 2217 2068 2294 consilium*
2119 2218 2333 2278 nullas

445 2305 615 2369 vires
645 2304 768 2368 tibi
796 2305 1168 2387 proderunt,
1217 2305 1552 2369 infamabo
1583 2305 1781 2368 etiam
1811 2312 1958 2369 tuos
1988 2305 2333 2386 sapientes,

445 2399 524 2455 ut
566 2388 818 2457 mutato
863 2389 1132 2457 consilio
1177 2393 1299 2456 tibi
1341 2400 1704 2476 repugnent
1748 2414 1911 2475 quos
1942 2414 1983 2457 a
2024 2402 2088 2454 ts
2136 2402 2333 2458 stu-tu-

447 2500 553 2544 ros
599 2477 890 2544 confidis.
976 2478 1127 2544 Hoc
1171 2488 1270 2546 est
1314 2482 1491 2563 quod
1535 2479 1765 2546 Ezech.
1816 2483 1922 2546 23.
1982 2482 2104 2546 ait:
2168 2486 2333 2546 Ecce

447 2589 568 2650 ego
615 2567 939 2633 suscitabo
984 2588 1211 2634 omnes
1257 2576 1575 2634 amatores
1634 2577 1781 2634 tuos
1826 2576 2048 2635 eontra,
2092 2578 2188 2650 te,
2252 2571 2337 2634 de

437 2658 690 2739 quibus
743 2657 978 2722 satiata
1032 2665 1133 2723 est
1188 2657 1412 2722 anima
1455 2665 1589 2736 tua,
1652 2665 1717 2723 et
1764 2662 2164 2742 congregabo
2228 2682 2337 2726 sus

448 2740 792 2812 adversum
836 2753 902 2811 te
945 2747 1018 2811 in
1063 2745 1337 2812 circuitu
1382 2740 1542 2811 etc.⁴l=

629 2831 822 2899 *³¹²*Et
865 2835 1150 2900 Hierem.
1202 2834 1321 2900 30:
1369 2857 1595 2900 omnes
1644 2843 1961 2902 amatores
2005 2838 2100 2898 tui
2148 2838 2338 2902 obliti

447 2930 604 2989 sunt
639 2920 738 2987 tui
784 2918 945 3016 etc}
1039 2924 1224 2989 Idem
1271 2946 1387 3007 per
1430 2925 1653 2989 omnia
1696 2925 1931 2990 accidit
1976 2925 2337 2990 Constanti-

628 3117 679 3184 ⁸)
731 3133 851 3172 non
895 3121 986 3172 est
1020 3117 1345 3185 prudentia.
1418 3087 1501 3195 ⁸4¹)
1552 3118 1666 3173 Hic
1702 3119 1985 3187 videmus,
2040 3134 2140 3170 cur
2180 3120 2341 3174 dicat

447 3189 780 3256 psalmista:
818 3188 998 3242 nolite
1022 3189 1307 3242 confidere
1340 3188 1404 3243 in
1427 3188 1805 3258 principibus,
1830 3190 1895 3243 in
1917 3189 2032 3242 filio
2056 3190 2337 3258 huminis,

447 3259 512 3313 in
547 3275 662 3326 quo
698 3259 868 3313 nobis
903 3262 994 3314 est
1029 3259 1202 3313 salus.
1276 3259 1390 3327 ***)
1426 3261 1641 3329 Incipit
1674 3277 1731 3329 p.
1769 3258 1951 3315 XCV.
1986 3258 2176 3314 Mssssi.

629 3452 682 3520 1)
721 3453 912 3508 deest:
935 3453 1062 3508 tibi.
1134 3454 1191 3523 2)
1217 3456 1481 3522 Legitur:
1520 3455 1697 3512 vicini
1719 3455 1921 3524 populi
1944 3454 2284 3510 conscedsrfl

450 3535 583 3578 cum
619 3524 704 3579 eis
741 3539 862 3578 non
885 3524 1006 3579 sint
1040 3526 1248 3580 staturi
1272 3526 1515 3582 foedere.
1588 3526 1646 3595 3)
1686 3527 1882 3583 deest:
1919 3526 2072 3595 quod
2102 3558 2168 3566 —
2196 3526 2284 3582 nit*

448 3592 506 3662 4)
544 3595 739 3650 deest:
777 3599 883 3650 etc.
957 3594 1014 3664 5)
1051 3597 1244 3652 deest:
1282 3601 1389 3652 etc.

627 3769 685 3837 †)
725 3771 900 3827 Esaia
936 3773 986 3827 5.
1059 3774 1154 3840 -Η-)
1191 3775 1504 3830 Brachium
1539 3775 1741 3857 carnis.
