2584 4267
233 265 295 326 184
549 265 654 348 Caput
676 268 855 332 secundum

229 449 340 512 tardus
367 449 424 524 sis,
460 451 492 508 et
520 444 658 508 libenter
686 445 848 510 condones
876 448 1025 529 proximo
1054 458 1126 516 tuo-
1149 454 1179 515 si

229 539 309 619 quid
330 538 367 600 in
389 544 421 601 te
443 535 596 619 peccavit.

322 621 500 701 ¹Quartum
522 643 642 689 nomen
665 622 718 686 dei
741 630 790 688 est
811 626 1038 708 plenissimum
1061 649 1175 694 conso·

228 716 357 778 lationis
380 717 438 780 rob
461 712 577 780 chesed
600 713 693 794 quasi
716 703 803 778 dicas
826 716 967 780 multum
994 719 1174 784 beneficus.

229 805 378 869 Ostendit
399 806 487 868 enim
510 804 608 867 deum
631 801 774 882 affligere
797 823 863 868 non
885 811 921 868 ut
950 807 1082 887 perdat,
1117 809 1176 871 sed

229 901 267 958 ιιι
289 913 347 957 nos
370 895 503 958 reducat
524 894 560 955 in
581 892 669 954 viam
693 898 726 955 et
747 892 862 956 invitet
884 894 928 956 ad:
943 896 1112 976 pietatem,
1138 905 1176 961 ιιι

228 984 331 1065 possit
344 985 381 1046 in
395 1005 454 1048 nos
469 1003 539 1048 esse
553 981 727 1045 beneficus.
773 981 804 1042 N
804 1001 847 1045 on
863 989 912 1046 est
926 986 1174 1063 nostrisimilis,

229 1073 286 1153 qui
315 1073 389 1136 duri
418 1094 530 1137 eumue
560 1092 636 1151 erga
670 1089 737 1145 eos,
773 1071 831 1150 qui
859 1092 918 1135 nos
952 1075 1173 1138 offenderunt.

229 1162 361 1226 Statim.
381 1164 469 1226 enim
506 1163 699 1226 retrahimus
734 1167 901 1237 manum,¹
922 1168 954 1224 et
987 1163 1176 1227 claudimus

228 1252 358 1316 loculos.
393 1254 480 1316 Deus
496 1258 605 1316 autem
620 1251 719 1313 ctiam
734 1248 770 1309 in
784 1249 926 1328 ingratos
941 1257 991 1314 est
999 1251 1176 1316 beneficus

229 1347 262 1404 et
283 1341 431 1404 demnis
454 1342 576 1405 meritis
598 1340 689 1421 cupit
703 1337 786 1400 bene
800 1340 925 1402 mereri.
971 1341 1055 1403 Nam
1072 1343 1175 1412 etiam

230 1429 357 1509 flagello
379 1451 417 1492 eo
441 1431 549 1493 animo
571 1431 682 1505 utitur,
707 1432 744 1490 ut
766 1429 925 1492 conversis
949 1435 982 1492 ct
998 1429 1175 1510 agentibus

229 1517 463 1599 poenitentiim
484 1519 674 1594 benefaciat,
700 1535 766 1580 non
788 1517 894 1579 solum
916 1519 1096 1599 mitigando
1116 1527 1176 1584 aut

228 1606 369 1670 tollendo
392 1627 514 1688 poenas
537 1627 574 1670 ac
596 1607 751 1670 donanda
764 1605 986 1670 benedictione
1002 1609 1173 1690 corporali,

229 1695 286 1759 sed
301 1697 404 1759 multo
418 1697 531 1776 magis,
555 1701 593 1759 ut
606 1697 642 1758 in
659 1702 826 1759 aeternum
840 1715 899 1758 nos
915 1697 1024 1773 salvet,
1044 1717 1174 1780 nosque

229 1792 266 1847 ut
288 1786 405 1848 Paulus
427 1781 600 1866 loquitur‚²
628 1804 704 1848 cum
727 1803 838 1850 securo
860 1786 983 1848 mundo
998 1805 1065 1849 non
1081 1786 1172 1850 dam'·

229 1894 353 1936 nemur.
399 1874 462 1938 Sed
480 1896 504 1938 o
527 1875 661 1938 miseros
683 1893 756 1950 nos,
788 1879 821 1936 et
842 1893 900 1955 per
928 1881 1098 1955 peccatum
1131 1876 1173 1939 ad

228 1969 409 2027 extremum
433 1964 635 2046 depravatos,
668 1963 725 2043 qui
748 1961 789 2024 ad
819 1967 887 2025 tam
916 1983 1030 2027 suaves
1059 1983 1171 2029 conso-

227 2052 364 2116 lationes
387 2073 454 2116 non
476 2055 642 2133 erigimur,
674 2051 731 2114 sed
752 2057 910 2131 tanquam
933 2051 1019 2132 aegri
1041 2055 1173 2116 somnia
1264 2047 1267 2078 ⁴

228 2161 283 2204 eas
316 2143 518 2222 negligimus.
570 2144 622 2206 Ita
655 2141 743 2205 crum
776 2145 933 2220 tanquam
961 2142 998 2203 in
1031 2161 1173 2206 coenum

229 2231 347 2294 mentis
371 2237 498 2294 nostrae
521 2231 606 2294 oculi
627 2230 783 2294 altissime
805 2229 927 2292 defossi
944 2235 1029 2306 sunt,
1053 2236 1093 2294 ιιι
1106 2231 1173 2294 hoc
1264 2243 1268 2326 g

228 2319 377 2381 divinum
398 2320 509 2382 lumen
532 2340 598 2405 non
620 2320 782 2401 possimus
810 2337 946 2381 cernere.
993 2316 1173 2398 Rogandus

227 2408 326 2486 igitur
348 2407 500 2470 dominus
522 2414 584 2483 est,
615 2414 654 2471 ιιι
676 2408 799 2489 aperiat
825 2408 932 2471 oculos
961 2414 1101 2485 nostros,
1134 2416 1173 2473 ut

229 2496 335 2557 lucem
356 2496 443 2558 hane
464 2496 635 2560 coelestem
651 2497 766 2560 saltem
781 2517 799 2559 c
813 2496 990 2576 longinquo
1005 2498 1172 2578 possimus

229 2584 379 2664 aspicere.
432 2585 505 2649 Non
540 2586 628 2648 enim
666 2585 746 2649 deus
774 2584 830 2649 isti
859 2586 918 2648 soli
947 2586 1083 2667 populo,
1116 2588 1171 2650 cui
1266 2587 1268 2628 ³

228 2674 435 2738 concionatur
456 2675 536 2752 Jcel,
560 2675 634 2738 talis
657 2695 726 2738 esse
749 2675 827 2739 vult.
872 2674 957 2748 Quia
976 2675 1063 2737 enim
1078 2677 1171 2739 victi·

227 2782 316 2825 marn
350 2784 370 2825 a
403 2783 437 2827 se
471 2771 582 2828 contra
615 2771 784 2846 peccatum
814 2762 1018 2840 destinatam,
1049 2785 1170 2846 nempe
1266 2807 1267 2810 =

227 2852 332 2915 filiurn
366 2874 462 2916 suum
495 2860 662 2918 aeternum
696 2853 766 2917 vult
798 2852 949 2916 omnibus
978 2851 1170 2918 hominibus
1267 2889 1268 2896 ι

228 2962 433 3005 communem
467 2964 549 3020 esse,
585 2943 749 3022 quomodo
780 2941 820 3004 de
855 2941 962 3004 animo
997 2943 1066 3005 eius
1096 2963 1168 3024 pos·

228 3051 341 3093 sumus
369 3032 531 3108 dubitare,
567 3031 656 3112 quod
689 3051 757 3094 non
790 3031 863 3094 taiis
893 3049 972 3110 erga
1000 3051 1060 3094 nos
1090 3051 1168 3113 quo-

227 3139 291 3199 que
313 3140 382 3182 esse
405 3122 496 3197 velit,
527 3121 632 3201 qualis
654 3121 708 3182 hic
732 3140 751 3182 a
773 3120 931 3201 propheta
953 3119 1166 3185 describitur?

227 3206 436 3270 Consolemur
457 3209 555 3289 igitur
576 3229 637 3272 nos
659 3210 721 3272 hac
744 3209 897 3272 concione
924 3215 1035 3272 contra
1065 3216 1167 3274 tenta—

226 3295 349 3358 tionem
371 3297 436 3360 irae
459 3297 526 3376 dei,
552 3304 585 3362 et
606 3305 718 3380 postea
738 3298 1008 3375 meminerimus,
1028 3298 1167 3364 subinde

120 3458 124 3468 Ι
227 3384 353 3448 adhoc
376 3388 510 3450 coeleste
533 3388 698 3468 exemplar
719 3388 884 3469 respicere,
908 3393 947 3451 ut
960 3405 1020 3451 nos
1036 3407 1167 3470 quoque

226 3474 393 3538 vincamus
421 3477 518 3553 iram,
550 3482 583 3539 et
610 3476 747 3538 benefici
776 3477 877 3539 simus
907 3478 1005 3538 etiam
1036 3477 1072 3540 in
1100 3499 1165 3554 eos,

227 3564 284 3644 qui
313 3565 406 3628 nobis
436 3571 623 3628 nocuerunt.
676 3565 726 3627 Ita
755 3566 842 3627 enim
872 3566 1165 3646 comprobabimus,

316 3757 343 3822 1)
363 3757 430 3810 ΗΠ.
449 3756 521 3810 deus
539 3755 663 3808 multum
682 3754 833 3811 beneficus.
862 3757 890 3825 2)
910 3759 983 3812 Ien:
1004 3725 1165 3815 l.'Cor.11.
