2584 4267
405 313 536 375 512
1215 309 1460 373 Abdias

403 488 654 570 Surgite
699 495 766 553 et
808 506 1268 568 consurgamus
1301 485 1605 552 adversus
1637 506 1782 550 eam
1826 487 1898 550 in
1942 486 2281 570 praelium.

580 614 760 676 Haec
805 614 999 677 verba
1044 618 1197 675 sunt
1239 611 1501 692 legati,†
1555 611 1790 692 quibus
1838 610 1922 674 ad
1968 610 2289 694 praelium

404 702 645 765 excitat
688 708 928 782 gentes,
977 720 1253 782 quarum
1298 720 1495 782 opera
1538 707 1604 764 et
1646 700 2004 764 ministeriu
2052 718 2285 762 usurus

404 797 541 854 erat
584 797 807 854 contra
849 790 1193 854 Idumaeos
1238 789 1689 855 devastandos.

649 950 815 1012 Ecce
861 949 1205 1031 parvulum
1252 949 1407 1013 dedi
1450 957 1515 1013 te
1560 949 1632 1011 in
1677 942 2032 1030 gentibus.1

583 1054 826 1118 Premit
899 1054 1208 1118 fiduciam
1285 1062 1351 1119 et
1417 1056 1623 1119 elevat
1691 1055 1859 1119 vires
1927 1062 1992 1118 et
2048 1054 2297 1118 fastum

408 1142 620 1208 Edom
638 1140 678 1220 ,'
702 1163 833 1224 quo
880 1144 1173 1207 solebant
1219 1151 1442 1207 contra
1485 1143 1759 1207 Iudaeos
1805 1143 2188 1206 insolescere
2200 1142 2301 1218 .††

406 1232 839 1296 Acerbissima
915 1233 1093 1295 enim
1170 1238 1356 1296 erant
1420 1233 1747 1313 utrimque
1824 1231 1972 1294 odia
2046 1238 2297 1302 mutua,

407 1321 627 1401 qualia
636 1341 775 1384 esse
787 1321 996 1384 solent
1012 1321 1297 1384 fraterna
1317 1316 1478 1384 odia‘
1490 1327 1556 1384 et
1577 1321 1951 1396 simultateS,
1980 1314 2305 1390 &sumans

408 1429 559 1488 ergo
604 1404 894 1489 πόλεμος
952 1415 1087 1473 erat
1130 1410 1456 1473 Idumaeis
1514 1415 1736 1473 contra
1792 1409 2096 1486 Iudaeus,
2164 1426 2297 1470 nun

314 1542 319 1545 -
410 1502 549 1560 tam
590 1498 717 1561 hoc
760 1496 1023 1560 nomine
1067 1498 1245 1577 quod
1291 1499 1467 1562 Esau
1511 1503 1849 1582 praerepta
1893 1506 2060 1560 esset
2106 1498 2297 1558 bene-

409 1584 606 1649 dictio
651 1605 692 1648 a
735 1585 930 1648 fratre
961 1586 1173 1663 Iacob,
1223 1606 1423 1666 quam
1454 1586 1629 1668 quod
1660 1587 1781 1649 sub
1812 1582 1964 1666 iugo
1995 1586 2301 1646 Israhelis

409 1692 548 1737 esse
617 1680 992 1754 cogerentur
1008 1724 1022 1751 ,
1094 1675 1271 1755 quod
1332 1696 1371 1737 a
1415 1675 1766 1740 cervicibus
1819 1694 1951 1739 non
2000 1682 2301 1754 poteram

411 1768 739 1839 excutere,
802 1783 1036 1846 nempe
1089 1763 1537 1828 imbecilliores
1590 1763 1890 1827 Israhele.
1984 1766 2104 1826 Est
2148 1782 2301 1842 ergo

411 1850 519 1913 hic
566 1852 888 1914 sententia
932 1872 995 1933 q.
1043 1851 1143 1914 d.:
1207 1852 1544 1916 dominus:
1609 1853 1890 1916 Tantam
1932 1854 2188 1934 cupiam
2236 1858 2301 1914 et

411 1945 551 2001 tam
595 1944 927 2021 potentem
972 1941 1263 2020 gentium
1321 1941 1676 2004 exercitum
1729 1946 1951 2004 contra
2008 1946 2072 2002 te
2132 1938 2301 2002 cxci

412 2027 585 2105 tabo,
644 2033 724 2091 ut
773 2033 848 2091 tu
907 2029 1176 2092 collatus
1237 2029 1323 2092 ad
1381 2049 1604 2094 eorum
1663 2031 1848 2106 vires,
1910 2049 2020 2094 vn:
2076 2046 2305 2090 musca

413 2110 790 2192 videberis‚²
859 2123 925 2180 et
982 2123 1046 2179 te
1092 2138 1245 2200 prae
1292 2137 1361 2181 se
1421 2124 1856 2195 contemnent,
1918 2138 2032 2200 pro
2096 2118 2305 2178 nihilo

415 2205 877 2283 aestimabunt,
926 2205 1287 2286 deglutient
1329 2213 1427 2284 te,
1476 2213 1552 2271 ut
1595 2208 1813 2270 nullus
1858 2207 1949 2270 sis
1996 2206 2301 2286 amplius.

791 2347 1106 2430 Superbia
1149 2349 1360 2413 cordis
1404 2349 1503 2412 tui
1547 2349 1780 2413 extulit
1822 2355 1905 2412 te.

595 2451 935 2515 Rationem
981 2455 1262 2533 subiicit,
1322 2475 1519 2537 quare
1563 2454 1844 2517 ludibrio
1889 2454 2309 2538 expositurus

417 2541 504 2604 sit
547 2544 614 2602 et
656 2540 728 2602 in
758 2540 1327 2624 depraedationem
1356 2545 1701 2608 Idumaeos
1734 2542 2096 2607 adversario
2128 2562 2305 2606 exer-

417 2628 608 2704 citui3
674 2629 846 2710 quia,
907 2631 1125 2712 inquit
1140 2681 1155 2710 ,
1218 2639 1333 2696 tua
1388 2632 1689 2714 opinione
1749 2637 1815 2695 et
1870 2630 2000 2695 tuis
2056 2630 2305 2694 viribus

417 2717 540 2781 tibi
583 2719 831 2798 egregie
877 2720 1118 2802 places,
1167 2721 1499 2785 insolescis
1516 2719 1658 2800 ,†††
1701 2740 1835 2785 non
1878 2719 2128 2786 diffidis
2176 2722 2305 2786 tuis

416 2806 628 2884 rebus,
677 2807 845 2873 sicut
889 2815 954 2872 et
999 2810 1284 2874 subiicit:

702 2966 870 3040 Quia
913 2968 1170 3033 habitas
1216 2970 1286 3033 in
1333 2969 1624 3033 scissuris
1669 2973 2012 3051 petrarum.

599 3073 907 3137 Caussam
966 3074 1211 3140 indicat
1265 3075 1462 3139 huius
1519 3071 1830 3139 imolen-'¹‘
1841 3074 2000 3150 tiae,
2064 3090 2309 3154 nempe

598 3248 650 3317 ⁸>
687 3249 904 3318 Incipit
937 3265 994 3316 p.
1033 3247 1246 3304 Xcm.
1285 3249 1473 3307 MSCi.
1516 3285 1524 3293 -

601 3406 655 3474 1)
701 3395 975 3462 Additur:
1028 3413 1132 3463 etc.
1208 3409 1383 3477 (Male
1444 3408 1655 3462 iterum
1704 3408 1918 3464 codicis
1968 3410 2228 3462 abuteris

419 3476 627 3530 ultima
687 3478 909 3544 syllaba
969 3479 1043 3532 ab
1106 3479 1325 3534 editore
1379 3495 1484 3547 pro
1536 3483 1642 3533 etc.
1708 3480 1882 3535 ducta
1934 3482 2060 3542 est.)
2136 3478 2192 3546 Ξ]

423 3547 630 3618 dearis,
667 3551 726 3603 te
762 3549 935 3615 igitur
971 3565 1108 3618 prae
1146 3565 1270 3618 sqq.

602 3707 659 3775 Τ)
727 3708 919 3762 Verba
978 3707 1167 3774 legati.
1239 3709 1334 3779 ††)
1391 3709 1657 3764 Fratrum
1710 3709 1831 3765 irae
1880 3710 2260 3766 acerbissuna

423 3775 559 3845 †††)
597 3778 914 3834 Insolentia
948 3779 1368 3835 Idumaeorum.
