2584 4267
415 288 514 352 Joelis
537 290 721 371 prophetae.
975 290 1036 352 153

40 458 43 529 1
118 473 251 531 naturam
301 466 455 543 faciunt„
495 468 553 547 qui
596 466 771 530 immodico
816 473 896 548 potu
946 473 1036 529 natu·
1245 541 1247 550 Ι

40 572 42 615 ;
117 576 177 619 ram
217 555 372 631 obruunt,
426 556 580 619 amittunt
624 557 713 618 enim
758 555 845 636 quod
895 557 1037 619 hominis
1160 562 1163 570 ’
1246 553 1249 563 ’

40 640 42 717 ἶ
118 644 267 727 proprium
296 650 359 719 est,
390 650 547 721 mentem,
583 650 616 707 et
644 645 680 707 in
708 644 804 707 bruta
833 643 1035 725 degenerant.

40 738 42 815 ᾖ
118 734 223 796 Omnes
255 732 344 794 enim
378 733 538 797 ebriorum
572 739 680 796 motus
714 733 828 797 ferales
862 740 947 797 sunt.
1005 734 1038 795 Si

40 824 42 875 ἰ
117 822 320 902 indignantur,
351 822 400 883 ira
429 842 495 885 non
524 822 666 886 hominis
695 822 753 885 sed
782 842 895 886 saevae
917 822 1037 886 bestiae

40 916 42 981 1
115 916 166 987 est,
189 930 267 990 quae
289 911 413 973 ratione
429 912 519 975 nulla
532 912 674 991 mitigari
689 917 804 992 potest,
828 912 857 974 si
871 912 1039 975 solumtur

40 990 42 1097 ξ
113 999 146 1060 10
173 999 284 1079 gaudia
313 1000 418 1080 (nam,
456 1006 494 1063 ut
522 1007 655 1064 naturae
684 1000 829 1064 diversae
863 1006 954 1076 sunt,
993 999 1038 1062 sic

115 1107 232 1167 quoque
253 1089 368 1151 vinum
398 1088 538 1151 diversos
567 1095 675 1152 motus
704 1089 740 1150 in
767 1089 883 1151 animis
906 1089 1037 1165 excitat)

40 1220 42 1237 .
113 1176 189 1237 nihii
207 1176 315 1240 videas
338 1177 540 1254 dissolutius,
569 1178 638 1241 sine
661 1176 752 1240 omni
774 1176 896 1258 pudore
919 1177 1039 1239 audent

115 1270 144 1326 et
173 1265 291 1328 faciunt
325 1267 466 1345 quaevis.
516 1265 631 1329 Merito
664 1267 763 1346 igitur
796 1266 895 1328 etiam
928 1272 1038 1345 gentes

60 1416 64 1425 ,
114 1353 289 1417 ebrietatem
310 1355 485 1419 detestatas
508 1360 600 1431 sunt,
630 1360 680 1419 tot
699 1354 806 1418 modis
828 1360 961 1418 naturae
983 1356 1036 1417 ho·

112 1442 202 1505 minis
223 1443 445 1507 adversantem
467 1450 499 1507 et
521 1450 700 1508 nocentem.

198 1526 277 1595 1Sed
309 1532 371 1596 hoo
405 1532 551 1595 nondum
585 1539 684 1615 caput
715 1533 793 1596 mali
827 1538 892 1608 est,
931 1551 1037 1595 sacrae

112 1618 213 1682 literae
241 1640 301 1684 nos
331 1620 449 1685 docent
477 1622 518 1684 de
545 1622 598 1684 his
627 1622 782 1704 peccatis,
814 1640 897 1701 quae
927 1626 1037 1701 gentes

113 1728 174 1770 non
194 1716 366 1791 potuerunt
387 1710 504 1775 videre.
539 1710 591 1773 Sic
613 1712 701 1773 enim
724 1710 930 1773 concionatur
951 1709 1037 1770 Chri-

113 1791 211 1859 stus²:
235 1799 308 1862 Non
330 1806 500 1878 graventur
515 1798 730 1863 cordavestra
745 1798 884 1880 crapula.
920 1798 1038 1858 Paulus

114 1879 217 1949 dioit³:
264 1886 390 1950 Ebriosi
434 1906 570 1968 regnum
615 1887 669 1949 dei
705 1907 772 1951 non
816 1884 1036 1967 possidebunt.

112 1970 223 2038 Item42
254 1975 369 2040 Cavete
392 1996 412 2038 a
432 1976 522 2053 vino,
552 1976 588 2038 in
618 1996 683 2055 quo
711 1982 762 2038 est
783 1975 894 2040 asotia.
940 1974 1038 2036 Oseas

113 2080 232 2145 quoque
266 2064 452 2144 gravissime
486 2058 599 2127 dicit⁶:
639 2064 819 2127 Fornicatio
857 2069 890 2126 et
926 2062 1039 2125 vinum

114 2153 254 2216 cirferunt
283 2173 345 2216 cor.
391 2153 461 2216 Has
490 2159 523 2217 et
556 2153 677 2217 similes
711 2152 885 2216 sententias
915 2152 1039 2214 intuere

114 2242 213 2306 animo
235 2241 422 2322 diligentius
444 2248 478 2304 et
504 2247 672 2329 patescent
696 2242 794 2304 huius
820 2241 943 2322 peccati
972 2260 1039 2301 non

114 2330 208 2393 solum
231 2350 360 2393 summa
381 2330 518 2394 foeditas
541 2330 598 2394 sed
619 2330 762 2413 pericula
783 2336 816 2393 et
834 2328 1039 2393 incommoda

113 2425 255 2482 extrema.
301 2418 336 2482 si
365 2420 452 2481 enim
480 2419 625 2483 medicus
654 2424 819 2500 tantopere
853 2419 1039 2481 dehortatur

113 2507 235 2571 abhoc
262 2508 354 2585 vitio,
390 2509 467 2588 quia
500 2514 611 2588 gravat
639 2513 750 2589 eaput,
785 2508 862 2587 quia
895 2506 1040 2570 incendit

113 2613 232 2678 corpus,
268 2603 301 2661 et
333 2596 421 2659 mille
459 2597 644 2660 morborum
682 2596 863 2659 occasiones
896 2597 1037 2677 praebet,

113 2693 226 2763 quanto
248 2687 311 2750 hoc
337 2686 464 2766 gravius
492 2692 541 2749 est
568 2685 826 2761 incommodum,
858 2683 946 2764 quod
974 2703 1041 2747 non

43 2798 45 2819 r
113 2774 209 2837 seium
247 2782 357 2855 gravat
394 2774 490 2839 eorda
527 2774 679 2850 ebrietas,
718 2772 775 2836 sed
813 2773 912 2836 etiam
946 2772 1042 2834 corda

114 2864 224 2941 aufert,
247 2865 310 2927 hoo
332 2870 395 2941 est,
420 2864 504 2927 tollit
525 2863 674 2927 timorem
697 2862 763 2938 dei,
787 2860 893 2924 reddit
916 2861 1040 2922 animos

43 2972 45 3031 ξ
114 2968 246 3031 securos,
283 2953 429 3017 accendit
461 2953 623 3035 appetitus
657 2955 840 3033 pugnantes
869 2967 944 3012 cum
971 2949 1041 3028 lege

114 3038 173 3117 dei,
203 3042 320 3105 adimit
341 3041 491 3105 notitiam
509 3040 579 3118 dei,
609 3039 717 3104 reddit
742 3040 869 3120 ineptos
891 3036 933 3099 ad
954 3037 1040 3100 invo-

115 3130 280 3207 cationem,
311 3138 344 3194 et
364 3136 402 3193 ut
423 3149 490 3193 uno
512 3130 609 3194 verbo
631 3130 755 3204 dicam,
785 3126 961 3207 imaginem
987 3124 1041 3187 dei

114 3213 266 3282 lucentem
293 3218 330 3281 in
359 3218 476 3281 animis
502 3237 559 3299 per
585 3217 722 3281 verbum
750 3223 783 3279 et
810 3214 922 3292 fidem,
956 3214 1042 3277 hanc

57 3326 62 3341 ¹
114 3322 233 3382 prorsus
256 3314 414 3388 tanquam
436 3326 535 3370 coeno
560 3306 704 3371 involvit.
750 3306 837 3368 Hinc
864 3311 1042 3384 sequuntur

44 3390 45 3393 ’
173 3396 341 3460 horribiles
364 3415 466 3472 casus,
490 3413 629 3475 quorum
652 3395 801 3477 exempla
814 3394 943 3456 infinita
965 3414 1040 3473 quo-

159 3483 184 3545 ie
213 3486 463 3566 conspiciuntur,
504 3484 592 3564 quod
619 3483 791 3548 levissimis
821 3482 1041 3545 occasionibus

161 3623 320 3635 ᾖ

195 3693 222 3760 1)
240 3693 387 3748 Judicium
400 3694 557 3761 scripturae
570 3693 606 3748 de
618 3692 765 3747 ebrietate.
793 3690 821 3757 2)
834 3690 908 3743 Ien.:
920 3688 987 3739 Luc.
997 3686 1040 3738 21.

158 3760 226 3817 Ien:
251 3765 275 3818 1.
296 3763 359 3819 Oor.
379 3764 404 3818 6.
447 3765 475 3832 4)
494 3766 568 3819 Ιο0.;
594 3764 669 3831 Epir
688 3763 713 3818 5.
757 3761 785 3829 5)
805 3762 878 3813 Ien.:
905 3756 997 3811 Oseae
1015 3756 1040 3809 4.
