2584 4267
445 270 544 333 Joelis
566 271 752 352 prophetae.
1005 267 1069 332 295

123 449 271 512 fructum
307 447 408 530 parit,
447 448 588 530 reliquas
624 455 732 529 partes
770 467 881 512 omnes
919 446 1070 510 inimicus

123 539 229 600 homo
260 537 376 618 implet
408 537 556 618 zyzaniis.
606 536 696 600 Siout
730 543 838 600 autem
872 535 1002 618 sycania
1035 536 1071 598 in

124 626 233 688 altum
261 632 295 689 et
320 625 428 688 subito
459 624 592 705 quidem
625 632 810 706 emergunt,
845 627 928 688 lecta
962 630 1071 688 autem

124 715 256 778 semina
276 714 400 778 tardius
422 715 658 778 incrementum
681 720 829 778 sumunt:
853 713 904 778 lta
926 713 979 777 hie
995 733 1070 795 quo·

123 823 194 885 que
217 803 368 866 scandala
390 803 567 867 incurrunt-
581 804 692 867 statim
721 803 757 866 in
785 803 910 880 oeulos,
942 823 979 866 ao
1006 801 1071 866 late

124 892 241 956 omnia
262 893 308 955 sic
330 899 498 974 occupant,
522 900 560 956 ut
582 913 650 956 non
672 893 736 956 nisi
755 891 924 974 diligenter
939 892 1070 956 choum-

124 981 280 1062 spicienti
302 987 480 1063 appareant
500 981 537 1044 hi
559 981 697 1058 humus,
722 1001 804 1062 quos
826 981 1003 1066 prophetae
1025 980 1072 1046 sic

124 1069 325 1152 praedicant.
383 1071 513 1133 Intuere
549 1071 757 1151 magistratus
794 1089 907 1134 omnes
945 1067 1003 1150 qui
1036 1069 1072 1136 in

124 1159 254 1222 mundo
284 1165 377 1235 sunt,
407 1159 552 1222 maxima
574 1179 649 1240 pars
672 1165 822 1240 cormpta
844 1164 908 1235 est,
933 1163 1073 1220 sectatur

125 1247 263 1324 studia,
295 1247 431 1324 usitata,
472 1246 622 1328 indulget
655 1247 892 1330 voluptatibus,
928 1246 1073 1313 cumulat

125 1336 331 1415 exactiones,
371 1336 505 1417 negligit
540 1336 693 1413 verbum,
734 1325 870 1416 negligit
905 1333 1072 1400 ministros

124 1425 224 1492 verbi
242 1431 277 1488 et
297 1425 515 1507 disciplinam.
560 1425 604 1488 Et
632 1431 744 1489 tamen
765 1423 984 1488 consideranti
1006 1445 1070 1487 om-

125 1514 183 1576 nia
219 1514 391 1590 attentius,
418 1514 550 1577 'alieubi
587 1515 731 1601 occurret
767 1515 873 1578 bonus
910 1513 1070 1596 princeps,

125 1602 295 1666 studiosus
317 1602 494 1684 religionis,
523 1623 636 1666 amans
660 1622 807 1680 sucrum,
838 1603 1017 1666 honestatis
1040 1608 1073 1665 et

127 1691 321 1773 disciplinae
358 1697 483 1768 custos,
523 1698 556 1755 et
592 1691 786 1755 moderatus.
853 1691 904 1754 Sic
942 1691 1072 1770 vaganti

126 1781 324 1861 cogitatione
357 1801 416 1862 per
449 1781 592 1860 singulas
625 1781 662 1843 in
694 1779 814 1844 vicinia
851 1798 911 1842 sua
947 1779 1070 1854 domos,

127 1870 254 1952 passim
276 1869 434 1933 dissoluta
456 1868 637 1952 disciplina,
662 1869 803 1950 corrupti
825 1887 940 1945 mores,
965 1887 1071 1949 super·
1166 1932 1167 1935 ,

126 1959 191 2036 bia,
218 1959 363 2035 avaritia,
386 1959 499 2035 luxus,
523 1957 690 2021 iracundia
713 1963 884 2040 apparent,
909 1961 1072 2020 ettamen

128 2047 213 2111 inter
247 2048 325 2124 has,
360 2067 428 2110 una
460 2053 493 2111 et
526 2049 626 2110 altera
658 2047 848 2123 invenietur,
883 2045 919 2108 in
954 2045 1072 2126 quibus

128 2143 282 2218 parentes
303 2136 467 2216 religionis
491 2141 637 2199 amantes
653 2141 738 2213 sunt,
763 2155 838 2198 suos
853 2133 896 2197 ad
919 2134 1072 2216 pietatem

129 2225 371 2302 adsuefaciunt,
422 2225 630 2288 moderantur
678 2229 844 2306 sumptus,
900 2222 1072 2288 liberaliter
1180 2253 1192 2272 ·

127 2313 244 2377 iuvant
278 2333 451 2395 pauperos,
486 2333 554 2376 non
588 2333 682 2377 avare
715 2313 851 2394 exigunt
883 2312 1010 2376 lucmm
1036 2310 1072 2374 in

129 2403 348 2466 contractibus
371 2408 431 2465 etc.
469 2403 521 2465 Ita
542 2403 603 2465 etsi
625 2403 730 2484 pauci,
754 2409 864 2466 tamen
880 2397 981 2482 aliqui
996 2406 1072 2464 sunt

129 2491 216 2568 boni,
242 2491 302 2553 ubi
324 2511 342 2552 e
365 2497 476 2555 contra
498 2491 526 2554 si
548 2490 683 2555 verbum
706 2511 772 2554 non
795 2498 887 2568 esset,
911 2490 996 2554 nihil
1014 2510 1071 2553 un·

130 2599 230 2659 quam
256 2579 342 2660 frugi
364 2585 457 2643 esset.

223 2663 296 2731 1Α11
329 2669 415 2731 hanc
448 2669 643 2732 sententiam
673 2669 854 2750 plerunque
893 2668 1073 2750 applicatur

129 2757 228 2820 etiam
258 2757 335 2833 hoc,
365 2756 454 2838 quod
484 2758 525 2820 de
547 2758 638 2821 fonte
660 2777 701 2820 ex
723 2758 846 2838 templo
869 2756 1070 2831 scaturiente,

79 2899 82 2908 .
131 2851 161 2908 et
182 2865 289 2926 usque
312 2846 354 2909 ad
369 2847 486 2911 vallem
501 2846 609 2910 Sittim
624 2847 814 2928 profluente,
839 2843 978 2908 additur.
1010 2843 1072 2908 Sed

131 2933 192 2996 alia
230 2935 463 3016 prophetarum
505 2936 624 2998 similia
669 2933 853 2998 testimonia
898 2931 1073 2995 ostendunt

132 3023 292 3101 peculiare
305 3023 428 3107 aliquid
440 3023 494 3086 hic
505 3024 641 3104 signifiri
655 3023 711 3104 [sie
717 3022 747 3104 11.
771 3021 869 3104 Apud
887 3019 1073 3084 Zachariam

131 3107 547 3194 111111111111111111111113.θ
574 3118 664 3176 extat
685 3112 873 3177 vaticinium
903 3109 944 3172 de
972 3108 1071 3186 fonte,

133 3201 188 3278 qui
211 3201 374 3282 aperietur·
396 3202 508 3265 domui
530 3201 651 3278 David,
676 3207 709 3265 11
730 3199 965 3264 habitatoribus
987 3199 1071 3261 Ieru-

133 3288 232 3351 salem
264 3289 306 3352 ad
333 3297 503 3371 peccatum
516 3324 519 3327 ,
532 3296 565 3354 et
592 3290 837 3353 immunditiam
865 3287 1071 3364 abluendam,

132 3374 192 3439 1Λ11
222 3385 288 3455 est,
317 3378 358 3440 de
387 3379 446 3442 tali
474 3380 578 3456 fonte,
609 3380 646 3441 in
674 3397 738 3459 quo
766 3379 910 3444 lavantes
940 3377 1074 3442 abluent

158 3473 314 3543 meatum,
350 3473 383 3530 et
410 3468 654 3532 immunditiem
689 3487 828 3531 omnem.
880 3468 932 3530 Sic
960 3467 1073 3556 Esaias

174 3748 210 3801 eh
222 3675 250 3745 1)
270 3677 354 3801 1{ons
381 3677 484 3733 domus
511 3677 622 3732 domini
651 3681 697 3732 est
722 3676 895 3744 baptismus.
944 3674 972 3742 2)
997 3675 1071 3728 Ien:

166 3763 173 3799 ι
210 3762 250 3801 ar.
306 3789 312 3802 .
