2584 4267
343 363 347 373 ·
419 337 518 402 Joelis
541 340 725 421 prophetae.
976 339 1039 405 207

106 515 270 598 prophetis
292 513 457 597 praedicta
478 534 584 596 poena
606 522 638 578 et
664 522 732 580 tota
760 523 844 581 terra
872 522 996 581 vastata
1024 538 1044 582 a

33 650 37 661 .
105 604 295 685 Babylonio,
326 604 467 685 populus
490 610 600 666 autem
621 605 767 686 captivus
797 605 954 670 abductus
984 613 1041 671 est.

106 694 271 763 liniemus
293 699 404 756 eutem
426 693 479 754 hic
502 691 681 756 seeundum
704 702 810 777 eaput.
856 695 1043 777 Numquae

106 788 285 863 sequuntur
306 779 350 844 ad
372 781 530 862 evangelii
551 787 698 862 tempora
720 784 891 864 pertinent.
1120 786 1127 799 ‘

239 997 378 1072 Altera
402 1017 494 1092 pars
520 998 748 1074 concionum
774 999 904 1074 Ioclis.

429 1165 542 1254 Caput
562 1169 726 1262 tertium,

118 1324 124 1330 “
197 1314 260 1378 Hic
295 1320 380 1378 recte
409 1313 572 1378 ordiemur
600 1322 699 1397 caput
726 1314 867 1379 tertium.
918 1316 1047 1380 Transit

106 1404 197 1466 enim
229 1404 295 1466 iam
329 1404 488 1485 propheta
521 1423 541 1466 a
573 1405 694 1486 populo
728 1403 779 1467 sui
812 1405 965 1485 temporis
1003 1404 1046 1469 ad

105 1493 229 1556 laetum
251 1499 284 1556 et
307 1493 461 1574 oprimis
484 1493 600 1556 mundi
617 1492 817 1575 temporibus
840 1499 1045 1577 expectatum

105 1580 194 1645 diem
224 1586 257 1644 et
284 1601 421 1661 regnum
450 1581 509 1644 filii
537 1581 590 1644 dei
618 1583 654 1644 in
687 1584 749 1646 hoc
782 1582 925 1646 munda·
961 1583 1046 1658 Quia

106 1671 194 1734 enim
216 1669 337 1733 frustra
357 1670 490 1734 fuerunt
508 1669 743 1735 admonitiones
761 1677 794 1734 et
808 1671 1045 1736 exhortationes
1085 1689 1091 1700 ⁴

107 1759 150 1823 ad
171 1759 415 1842 poenitentiam,
441 1764 537 1839 atque
554 1758 627 1822 ideo
641 1755 889 1840 promissiones¹
917 1778 1045 1840 quoque

107 1847 149 1911 de
164 1847 323 1929 corporali
339 1847 536 1924 liberatione,
560 1867 660 1928 quam
678 1847 795 1910 acturis
813 1847 1045 1929 poenitentiam

106 1937 279 2000 liberaliter
301 1937 457 2018 promisit,
482 1957 548 2000 non
570 1943 647 2000 sunt
669 1934 840 2013 exhibitae,
865 1936 922 1999 sed
947 1936 1045 1999 horri-

107 2025 181 2088 bilis
196 2025 298 2089 totius
311 2025 403 2105 regni
417 2025 500 2090 Iuda
513 2025 649 2089 vastatio
666 2030 774 2088 secuta
794 2030 851 2087 est.
887 2025 1046 2105 Propheta

109 2121 238 2196 prepter
271 2115 389 2177 eleetos
422 2114 458 2177 in
486 2114 607 2196 populo
647 2113 840 2177 vaticinatur
874 2111 914 2175 de
947 2133 1045 2194 regno

108 2203 236 2279 Christi,
253 2209 292 2266 ut
305 2203 369 2266 hec
383 2222 442 2267 ceu
453 2202 578 2266 fulchro
589 2202 811 2279 inniterentur,
829 2202 1046 2284 corporalibus

107 2291 324 2355 incommodis
339 2311 423 2373 pene
437 2291 590 2373 oppressi.
629 2291 769 2355 Involvit
782 2291 870 2356 enim
885 2290 1046 2354 horribilis

108 2379 187 2443 haee
209 2399 317 2462 poena
338 2380 532 2462 captivitatis
555 2380 653 2443 etiam
676 2379 760 2460 pios,
791 2400 929 2462 quorum
951 2380 1047 2444 multi

108 2468 279 2545 crudeliter
300 2468 405 2544 occisi,
429 2469 534 2546 multi,
556 2474 595 2531 ut
608 2469 723 2531 Daniel
738 2488 812 2532 cum
827 2469 904 2547 suis,
928 2470 1047 2552 captivi

108 2559 152 2635 in,
177 2557 354 2621 chaldeam
392 2556 522 2620 obducti
560 2564 645 2621 sunt.
707 2558 900 2640 Quanquam
938 2566 1047 2623 autem

109 2646 263 2710 deminus
291 2647 420 2726 piorum
453 2647 672 2728 captivitatem
705 2647 950 2711 tolerabiliorem
979 2647 1045 2710 red·

109 2734 194 2798 didit
215 2742 250 2799 et
275 2735 371 2816 pauci
399 2734 533 2815 quidam
560 2737 596 2797 in
623 2741 743 2798 terram
771 2743 916 2798 sanctam
945 2741 978 2798 et
1005 2735 1047 2797 ad

110 2829 232 2887 veteres
255 2823 348 2887 sedes
369 2824 542 2901 redierunt,
566 2830 676 2888 tamen
699 2823 775 2903 quia
796 2824 926 2904 inipso
953 2823 1048 2886 exilio

110 2912 207 2975 multi
229 2913 333 2976 sancti
354 2913 490 2976 extincti
512 2919 598 2989 sunt,
621 2911 800 2975 necessaria
821 2911 885 2974 fuit
905 2912 986 2974 haee
1008 2911 1049 2973 de

111 3000 233 3064 Christi
262 3021 359 3081 regno
393 3002 575 3084 prophetia,
610 3021 676 3081 qua
704 3000 841 3064 lenirent
875 3000 1050 3082 corporalia

110 3090 319 3152 incommoda
341 3092 452 3154 sanofi.
498 3091 564 3154 Nos
587 3108 716 3169 quoque
738 3089 835 3152 hodie
858 3089 935 3170 quia
955 3090 1048 3153 eccle·

110 3179 179 3240 siae
201 3177 299 3242 variis
321 3179 471 3259 periculis
491 3185 639 3260 aguntur,
664 3197 730 3242 non
745 3185 873 3242 tantum
887 3198 1048 3260 urgemus,

109 3286 195 3347 quae
218 3266 261 3330 ad
282 3268 368 3330 hano
390 3268 490 3332 vitam
512 3269 683 3350 pertinent,
708 3267 764 3331 sed
779 3268 1050 3332 consolationibus

110 3356 240 3418 Musae
263 3362 297 3419 et
319 3363 466 3420 aeternae
487 3357 685 3420 liberationis
707 3377 764 3438 per
785 3357 890 3420 filium
912 3357 965 3420 dei
991 3377 1050 3421 nos

168 3446 248 3509 alios
270 3445 434 3526 erigimus,
458 3465 500 3508 ue
521 3446 598 3510 victi
619 3444 714 3508 maha
739 3446 955 3528 corporalibus
983 3466 1049 3510 suc·

153 3534 315 3611 mbamus,
339 3542 397 3598 aut
419 3535 634 3615 desperemus.

185 3617 317 3687 *²Sieut
344 3623 443 3704 igitur
470 3623 626 3716 haetenus
659 3623 739 3705 legis
774 3623 937 3688 doctorem
964 3622 1049 3685 audi·

203 3815 231 3882 1)
251 3815 408 3870 Promissis
426 3815 463 3870 de
480 3832 568 3884 regno
587 3815 704 3872 Christi.
740 3816 768 3884 2)
787 3816 847 3871 Ioel
859 3812 1051 3880 Evangelista.
