2584 4267
407 321 507 386 Joelis
529 322 715 404 prophetae.
967 323 1028 386 201

109 497 311 579 diversitatem
325 498 586 581 promissionum,
603 500 702 563 etiarn
717 497 931 581 periculorum
943 497 1030 563 diffe-

77 638 82 649 .
109 588 200 652 rentia
231 587 444 655 constituitur.
497 588 727 652 Pmmissiones
761 588 922 668 quaedam
956 596 1032 653 sunt

110 672 301 758 corporales.¹
334 675 444 740 Habet
458 677 546 740 enim
561 677 694 741 ecclesia
708 697 790 759 opus
802 678 1031 758 gubernatione

78 811 82 821 .
110 774 138 829 et
161 765 343 829 defensione
371 765 407 828 in
440 772 532 830 tanta
565 765 779 849 periculorum
813 765 1030 843 multitudine,

80 888 82 897 ·
111 873 181 934 quae
201 861 233 918 et
246 854 346 918 Satan
361 861 394 918 et
407 855 550 918 mundus
565 856 713 919 intentat.
752 856 792 918 ln
806 857 859 918 his
875 855 1032 937 speranda
1063 875 1072 883 ·

110 950 152 1006 est
169 943 310 1007 liberatio
332 950 365 1008 et
394 943 647 1024 confugiendum
677 945 847 1026 praecipue
863 945 916 1006 'ad
945 945 1031 1008 inuo-

110 1031 263 1095 cationem.
310 1032 353 1095 Et
381 1038 491 1095 tamen
518 1032 596 1114 quia
622 1051 717 1115 saepe
744 1034 823 1096 utile
850 1032 943 1096 nobis
973 1040 1030 1110 est,

110 1121 233 1184 exerceri
262 1140 355 1184 cruce
378 1122 521 1201 (Excitat
549 1120 638 1184 enim
668 1123 885 1198 securitatem,
914 1121 1032 1185 excitat

111 1209 194 1272 fidem
221 1216 254 1273 et
282 1210 443 1296 accendit¹
462 1209 653 1288 orationem)
687 1210 733 1274 sio
766 1210 964 1274 instituenda
997 1210 1032 1272 in

111 1299 213 1362 talibus
233 1299 384 1380 periculis
405 1299 508 1363 aratio
534 1306 598 1378 est,
629 1307 667 1364 ut
696 1305 806 1363 tamen
833 1300 1032 1363 voluntatem

77 1388 81 1397 '
110 1385 154 1449 dei
174 1407 272 1468 aequo
295 1387 404 1450 animo
427 1389 582 1466 ieramus,
615 1389 643 1451 si
670 1387 791 1452 diutius
819 1407 946 1451 crucem
973 1407 1031 1451 nos

109 1476 175 1539 velit
193 1477 282 1539 ferre.
329 1475 558 1540 Promissiones
586 1484 696 1541 autern
723 1477 918 1559 spirituales,
949 1496 1031 1557 quae

87 1563 145 1625 ‘ad
164 1565 296 1629 salutem
319 1572 462 1629 nostram
485 1572 518 1630 et
540 1563 593 1628 dei
615 1565 749 1646 gloriam
771 1566 946 1649 pertinent,
970 1566 1031 1629 hae

79 1646 82 1655 '
110 1652 168 1715 sine
182 1653 381 1717 dubitatione
396 1654 636 1736 amplectendae
652 1663 737 1719 sunt.
776 1655 930 1720 Patefecit
944 1655 1033 1716 enim

80 1814 82 1823 Ι
111 1740 145 1802 de
166 1741 204 1805 iis
230 1743 430 1807 voluntatem
458 1764 552 1806 suam
586 1742 751 1819 dominus,
787 1744 875 1824 quod
910 1749 941 1806 et
975 1761 1032 1824 per

111 1829 259 1894 Christum
281 1852 341 1895 nos
363 1833 485 1895 salvare
508 1838 540 1895 et
567 1851 687 1895 nomen
717 1852 813 1894 suum
841 1831 1032 1894 sanctificari

111 1919 182 1982 velit.
225 1921 328 2001 Igitur
349 1920 402 1984 hic
424 1921 594 2003 praecipue
617 1920 692 1983 finis
715 1921 751 1982 in
773 1920 863 1982 omni
890 1920 1031 1983 oratione

110 2010 288 2087 spectandus
319 2015 376 2072 est.
434 2010 484 2073 Ita
512 2007 614 2073 animi
643 2010 722 2072 certi
752 2009 792 2071 de
826 2006 1031 2072 exauditione

110 2111 168 2158 esse
182 2095 348 2179 poterunt.

207 2241 252 2303 Et
290 2239 436 2303 zelabit
468 2239 651 2304 dominus
688 2260 758 2322 pro
801 2245 907 2304 terra
948 2258 1030 2315 sua,

146 2334 179 2391 et
212 2334 349 2409 parcet
384 2330 532 2411 populo
570 2350 652 2406 suo,
695 2336 732 2392 et
772 2326 1032 2410 respondebit

110 2492 112 2498 y
146 2416 321 2480 dominus
351 2424 389 2481 et
416 2417 520 2481 dicet
548 2418 695 2499 populo
720 2437 802 2482 suo:
843 2418 940 2480 Ecce
963 2437 1031 2498 ego

145 2505 250 2569 mitto
288 2506 397 2569 vobis
434 2506 676 2586 frumentum
714 2512 750 2570 et
786 2511 954 2570 mustum
995 2513 1033 2569 et

77 2670 82 2679 Ι
112 2672 115 2676 A
146 2595 267 2657 oleum
302 2601 339 2658 et
372 2596 647 2659 saturabimini
681 2615 737 2674 eo,
777 2602 815 2659 et
846 2614 1031 2664 nonam·

111 2757 114 2763 ¹
145 2681 242 2763 plius
264 2703 332 2747 vos
355 2682 452 2747 dabo
474 2685 515 2746 in
537 2685 792 2766 opprobrium
814 2684 925 2747 inter
943 2703 1033 2762 gen-

145 2778 212 2848 tes,
237 2778 274 2835 et
297 2771 486 2852 elongabo
509 2793 529 2835 a
551 2774 669 2837 vobis
699 2771 1033 2853 semptentriona-

145 2854 230 2934 lem²
270 2866 309 2923 ct
338 2862 545 2942 expellam
578 2881 669 2924 eum
702 2861 744 2922 in
780 2866 936 2923 terram
970 2859 1032 2921 de·
1068 2864 1073 2871 '

146 2955 294 3012 sertem
317 2956 357 3013 et
378 2950 653 3015 devastatam.
700 2949 848 3012 Facies
872 2948 961 3009 eius
985 2948 1034 3010 ad

146 3055 249 3100 mare
278 3038 473 3116 orientis,
501 3039 706 3103 terminus
729 3038 821 3102 eius
843 3055 949 3100 mare
967 3038 1032 3099 ,ul-

146 3123 293 3189 timum.

190 3242 433 3315 iExhortationi
461 3252 502 3314 ad
536 3240 769 3333 poenitentiam
800 3249 935 3314 subiecit
964 3271 1031 3332 pro-

115 3334 196 3408 pheta
216 3339 443 3419 precationem,
468 3360 567 3420 quam
582 3356 602 3401 a
617 3337 835 3402 sacerdotibus
850 3340 886 3401 in
902 3339 1033 3403 ecclesia

170 3427 221 3489 tari
253 3428 337 3505 vult,
372 3449 459 3491 nuno
493 3426 624 3512 subiicit
656 3427 915 3510 promissionem,
951 3448 1033 3509 quae

215 3557 219 3564 ι

162 3578 311 3590 *-

189 3657 215 3724 1)
234 3657 402 3712 Differentia
420 3657 611 3726 periculorum
629 3660 728 3710 contra
740 3671 814 3724 quae
827 3654 968 3709 orandum
980 3656 1032 3706 est.

170 3726 201 3781 iol
235 3729 263 3797 3)
287 3730 360 3783 Ion:
380 3728 526 3784 Promittit
547 3725 763 3796 poenitentibus
786 3731 816 3780 et
834 3722 1034 3780 invocantibus

171 3800 298 3855 ationem
315 3804 346 3854 et
363 3799 601 3854 benedictionem.
684 3868 689 3871 .
