2584 4267
411 307 532 373 Johelie
555 310 739 393 prophetae.
982 314 1044 377 125
1201 336 1206 348 ⁴

110 488 222 552 dentes
256 486 325 549 eius
359 486 440 549 lacte
475 485 686 551 candidiores.
732 488 834 552 Mirus
862 509 920 552 rex
949 496 982 553 et
1009 490 1045 552 in

109 576 210 641 oculis
237 574 341 639 carnis
371 575 551 639 molliculus
581 581 614 639 et
642 577 861 654 effeminatus,
897 578 980 641 sicut
1014 586 1046 641 et

107 665 254 748 psalmo†
268 663 402 727 XLIIII.
427 683 446 727 a
467 664 709 745 pulchritudine
731 686 807 729 eum
829 665 1043 743 commendat,

108 755 169 835 qui
189 754 286 817 etiam
308 752 427 817 Christi
453 770 590 834 regnum
618 753 855 835 elegantissime
884 754 1044 819 describit.
1134 796 1139 803 -
1209 712 1233 781 ³⁷¹

105 842 235 925 Specie,
264 841 388 921 inquit,
416 847 473 904 tua
495 847 529 904 et
549 842 788 924 pulchritudine
811 850 884 921 tua,
914 843 1045 909 intende

106 950 258 1014 prospere
279 950 338 1012 pro
362 929 458 993 caede
481 936 514 993 et
536 950 642 1011 regna.
690 931 742 995 Sic
768 951 905 1012 regnum
928 932 1046 996 Christi

62 1079 67 1088 .
105 1020 293 1084 describunt
315 1019 507 1105 prophetae,
538 1026 571 1083 et
593 1040 676 1101 quae
699 1021 742 1085 sit
762 1020 819 1083 illa
839 1020 1045 1104 pulchritudo

107 1108 229 1173 Christi
250 1106 342 1172 addit
364 1108 495 1191 spiritus
517 1108 553 1171 in
575 1109 717 1190 psalmo:
740 1109 867 1174 Diffusa
881 1116 930 1175 est
944 1110 1046 1191 gratia

104 1198 143 1260 in
176 1196 270 1261 labiis
303 1196 368 1261 tuis
398 1202 457 1261 etc.
508 1196 720 1261 Dulcedinem
749 1198 839 1263 verbi
871 1199 1046 1279 evangelici

106 1286 302 1368 significans.

216 1444 259 1513 Et
279 1442 368 1509 Juda
389 1443 425 1507 in
447 1450 614 1508 aeternum
636 1445 835 1510 habitabitur
857 1440 936 1511 ete}
966 1430 977 1452 '

196 1552 270 1617 Hoc
299 1556 349 1615 est
370 1566 451 1632 quos
474 1540 629 1619 hactenus
653 1558 727 1616 ante
749 1552 925 1617 revelatum
952 1571 1043 1616 evan·

108 1636 272 1723 gelium††
295 1658 362 1704 non
384 1639 549 1717 mundavi,
572 1640 639 1703 iam
661 1640 906 1705 mundabuntur
920 1660 1042 1715 omnes,

106 1730 184 1810 quia
217 1730 272 1791 lex
305 1729 469 1792 neminem
503 1728 546 1792 ad
574 1729 753 1811 perfectum
782 1728 892 1806 duxit,
927 1728 1043 1809 inquit,
1112 1751 1115 1756 ·

64 1871 67 1880 .
106 1816 303 1897 Paulusffi:
327 1817 540 1898 Evangelium
558 1824 667 1880 autem
682 1837 766 1883 nova
779 1818 836 1881 illa
849 1816 1044 1899 praedicatio

107 1926 220 1970 omnes
249 1903 422 1969 mundabit
450 1913 482 1970 et
511 1905 553 1970 ad
574 1906 805 1988 perfectionem
832 1905 985 1980 deducet,
1016 1906 1045 1967 si

107 1994 309 2059 crediderint.
355 1994 542 2059 Annunciat
564 1994 653 2057 enim
675 1994 839 2058 Christum
866 2013 934 2057 esse
956 1993 1043 2056 iusti-

107 2080 216 2161 tiam,·*
238 2082 440 2166 sapientiam,
464 2083 720 2166 redemptionem
743 2089 776 2148 et
792 2082 1044 2147 satisfactionem

107 2179 260 2249 nostram,
284 2171 342 2253 qui
364 2172 407 2235 sit
427 2171 616 2236 benedictus
638 2172 675 2235 in
697 2173 832 2236 saecula.
867 2165 1002 2235 Amen²

332 2294 594 2377 Vuittembergae
616 2295 652 2358 in
674 2296 814 2377 profesto

357 2384 521 2449 Laurentii
543 2385 587 2447 M.
600 2384 638 2450 D.
652 2385 790 2449 XXIIII.

242 2558 267 2613 1.
287 2557 351 2614 Gor.
370 2558 395 2613 1.
414 2575 441 2615 v.
459 2557 503 2613 30.

196 2536 223 2627 ¹⁶>

64 2717 67 2726 '
197 2718 226 2787 1)
245 2718 340 2774 deest:
359 2722 412 2775 etc.
449 2718 478 2787 2)
498 2718 588 2773 Finis.

109 2946 170 3018 ᾖ)
192 2876 343 3003 RPsglm.
353 2876 396 2935 44,
428 2877 475 2947 ἣ)
488 2894 540 2948 Per
552 2878 732 2947 evangelium
744 2876 922 2932 mundantur
934 2892 1041 2932 omnes.

239 2966 261 3004 r.
298 2991 303 3005 .
