2584 4267
395 321 495 385 Joelie
517 321 702 402 prophetae.
954 321 1017 394 275

90 502 145 563 hcc
176 505 225 562 eet
264 497 376 561 iudicii
409 499 563 579 appellat,
604 499 640 560 in
674 517 739 579 qua
773 498 924 564 dominus
961 519 1018 582 per

92 588 270 668 evangelion
291 593 412 650 certam
434 593 468 650 et
488 586 657 650 definitam
673 588 866 650 sententiam
889 588 929 650 de
951 595 1018 652 toto

92 678 224 740 humano
246 695 362 756 genere
385 675 429 739 sit
449 676 736 757 pronunciatums,
760 676 860 740 etsie
883 677 1018 742 debella·

93 772 172 828 tuus
222 769 344 846 gentes.
411 765 496 827 Nam
540 764 675 828 verbum
726 765 839 828 charaz
891 767 1018 848 proprie

94 854 241 935 significat
274 861 394 917 certam
428 858 461 916 et
494 851 662 917 definitam
699 854 892 918 sententiam
925 856 1017 918 ferre.

94 943 146 1006 Sic.
180 945 209 1007 1.
239 943 317 1022 Reg.
348 935 419 1006 20.¹
476 942 639 1006 Iudicium
668 948 762 1006 tuum
796 949 833 1006 tu
867 943 1017 1019 definisti,

95 1038 122 1095 et
144 1032 210 1094 Iob.
237 1025 308 1094 14.ἳ
335 1090 341 1095 ,
369 1030 461 1094 Certo
495 1031 621 1094 definiti
655 1037 731 1094 sunt
765 1030 834 1094 dics
867 1032 1018 1096 hominis.

95 1121 166 1183 Item
197 1121 272 1183 Esa.
304 1120 356 1183 10.
388 1113 460 1184 28ss
497 1120 580 1183 Dan.
605 1114 656 1183 9.⁴
690 1119 802 1183 eadem
836 1121 933 1184 verba
965 1142 1019 1203 po

97 1216 211 1272 cuntur.
274 1208 607 1285 Consummationem,
655 1215 687 1272 et
724 1208 887 1273 decretum
924 1210 1022 1272 faciet

97 1296 246 1374 dominus,
280 1298 344 1360 hoc
378 1303 440 1373 est,
475 1296 589 1379 perdet
615 1296 818 1360 incredulum
851 1299 1019 1380 populum.

98 1386 146 1449 lta
168 1386 255 1449 enim
282 1386 387 1466 figura
413 1405 454 1448 cx
480 1385 550 1449 foro
577 1392 722 1468 sumpta,
757 1386 815 1449 ubi
842 1387 941 1450 semel
969 1387 1020 1450 de·

97 1481 170 1539 creta
194 1496 261 1538 non
287 1474 521 1551 rescinduntur,
551 1474 670 1538 Paulus
693 1475 848 1539 Romano.
872 1496 941 1558 cap.
967 1470 1017 1540 9.⁶

98 1564 287 1645 septuaginta
309 1569 437 1627 secutus
460 1568 518 1640 est,
541 1563 578 1626 hi
600 1569 764 1628 verterunt
778 1565 892 1628 Esaiae
914 1565 1022 1628 locum

98 1651 140 1714 his
165 1653 285 1729 verbis,
321 1653 455 1716 verbum
484 1652 707 1716 abbreviatum
737 1653 833 1716 faciet
859 1653 1020 1716 dominus.

99 1739 150 1803 Sed
175 1741 255 1805 ratio
284 1741 374 1803 nulla
403 1746 452 1804 est
485 1760 542 1803 cur
568 1741 661 1804 calah
689 1746 848 1805 verterent
876 1742 1021 1818 verbum,

99 1830 243 1909 significat
276 1830 364 1892 enim
394 1830 706 1893 consummationem
740 1837 772 1893 et
805 1830 914 1893 finem.
959 1830 1021 1892 Ab·

98 1917 264 1982 breviatum
286 1924 396 1981 autem
418 1918 664 1998 intelligendum
687 1925 751 1995 est,
782 1924 906 1981 certum
929 1918 1021 1981 desti·

99 2013 212 2085 natum,
243 2006 462 2082 immutabile,
499 2008 582 2069 sicut
610 2007 799 2080 Germaniae
829 2007 928 2070 simili
956 2007 1022 2070 fera

88 2095 187 2177 ,figura
220 2095 375 2172 dicimus,
411 2114 487 2158 cum
520 2095 738 2176 significamus
773 2115 831 2159 nos
866 2095 948 2158 nihil
982 2096 1022 2159 de

100 2185 244 2247 nutantia
264 2188 462 2260 mutatenos,
492 2184 583 2247 kurtz
610 2184 700 2248 umb.
746 2185 797 2247 Ita
819 2185 1024 2266 septuaginta

101 2274 397 2337 consummationem
431 2272 650 2336 abbreviatam
683 2281 801 2337 vocant
837 2279 958 2337 certam
991 2279 1024 2336 et

100 2359 252 2425 definitam
280 2362 393 2444 populi
420 2362 643 2425 vastationem.
693 2362 745 2426 Ad
771 2363 860 2426 hunc
887 2363 1022 2426 modum

100 2448 203 2514 hocin
223 2452 294 2516 loco
316 2451 408 2515 vallis
431 2451 546 2513 cherua
569 2450 730 2531 significat
760 2451 872 2515 iudicii
895 2453 1020 2526 vallem,

100 2537 214 2620 inqua
242 2539 283 2603 de
312 2539 464 2604 omnibus
491 2540 619 2621 populis
650 2541 843 2604 sententiam
870 2540 1023 2605 dominus

101 2627 168 2692 feret
188 2636 308 2693 certam
330 2635 364 2692 et
384 2627 631 2691 immutabilem.

175 2717 236 2782 Sed
259 2735 343 2799 quae
365 2722 415 2780 est
435 2717 498 2780 ista
520 2717 654 2781 definita
684 2711 884 2781 sententia?6
933 2718 1024 2781 Haec

101 2805 252 2870 nimirum:
278 2805 342 2880 oui
357 2803 528 2869 crediderit
543 2812 575 2869 et
589 2805 770 2887 baptizatus
785 2805 892 2882 fuerit,
917 2807 1023 2870 salvus

101 2894 158 2958 erit.
200 2897 265 2959 Hic
294 2900 344 2958 est
365 2895 458 2959 ‚filius
480 2914 573 2958 meus
602 2894 753 2972 dilectus,
785 2895 874 2957 hunc
903 2894 1021 2958 audite.

71 3002 73 3011 ·
101 2981 154 3056 Qui
174 2984 344 3048 crediderit
366 3004 432 3047 non
455 2983 732 3060 condemnabitur,
756 2983 814 3064 qui
837 3001 903 3047 non
926 2983 1023 3047 credi·

101 3069 186 3150 derit,
213 3073 281 3137 iam
308 3071 469 3136 iudicatus
496 3078 554 3136 est.
600 3073 691 3135 Haec
714 3072 873 3136 sententia
896 3078 945 3136 est
966 3073 1023 3146 im·

70 3198 73 3209 ·
101 3162 265 3239 mutabilis,
290 3167 376 3225 certa
398 3168 434 3225 et
453 3161 600 3238 definita,
628 3160 716 3242 quod
739 3161 819 3225 deus
841 3181 899 3244 per
921 3161 1025 3225 filium

68 3300 73 3315 .
102 3266 184 3313 euum
197 3250 275 3315 velit
298 3248 479 3314 condonare
502 3256 642 3332 peccata,
667 3257 700 3314 et
722 3250 797 3314 dare
812 3251 913 3315 vitam
929 3257 1024 3316 aeter·

70 3378 73 3389 ·
102 3355 176 3402 nam.
220 3339 285 3413 oui
318 3338 417 3419 igitur
449 3339 535 3402 hanc
568 3339 632 3403 fide
663 3340 910 3421 amplectrmtur,
946 3339 1026 3406 salvi

161 3423 243 3509 >uui
265 3447 342 3504 non,
365 3433 503 3510 pereunt
523 3428 560 3491 in
581 3434 758 3493 aeternum.

174 3577 302 3588 ——n

179 3653 205 3722 1)
224 3654 299 3710 lem:
327 3654 352 3708 1.
378 3655 446 3723 Reg.
473 3654 517 3711 20.
560 3656 589 3724 2)
614 3656 688 3710 Iam:
716 3655 794 3711 Hiob
813 3657 855 3712 14.
895 3655 924 3723 3)
949 3655 1025 3709 Iera:

171 3725 280 3852 ffimffi
316 3725 346 3792 4)
365 3725 469 3781 Daniel
489 3727 516 3780 6.
556 3727 585 3796 5)
604 3727 681 3782 Iera:
701 3727 781 3782 Rom
801 3727 826 3782 9.
863 3726 891 3794 6)
911 3726 1027 3780 Senten-

249 3839 255 3850 ’
810 3843 866 3941 ra·
