2584 4267
471 246 562 310 74
1073 248 1315 334 ‚Caput
1360 246 1717 311 secundum

473 430 600 487 est:
667 425 970 504 quilibet,
1030 426 1199 490 sicut
1243 411 1468 490 statifn
1513 425 1829 504 sequitur:
1897 425 2366 505 Unusquisque

477 512 743 577 fratrem
799 533 992 576 suum
1050 534 1183 577 non
1227 515 1558 578 coartabit.
1652 514 1771 576 Est
1817 533 1961 593 argo
2009 513 2358 573 sententia:

471 601 559 663 -In
613 602 737 664 viis
792 603 927 666 suis
982 602 1371 683 gradientur,
1429 604 1552 666 hoc
1605 606 1727 665 est:
1785 609 2226 681 per-rumpent,
2286 609 2366 665 ct

469 707 612 760 non
656 690 778 753 erit
823 692 939 771 qui
983 692 1255 754 resistat.

1046 815 1133 878 Et
1178 835 1309 878 non
1354 814 1791 890 declinabunt,

476 918 549 982 id
595 924 717 983 est:
765 916 853 999 fite
897 921 1115 988 merten
1157 919 1303 1002 nicht
1343 915 1608 1005 febeten.¹

904 1061 1032 1125 Sed
1077 1070 1142 1126 et
1185 1083 1301 1144 per
1345 1062 1654 1126 fenestras
1700 1061 1945 1125 cadent.

659 1168 902 1231 Mirum
948 1174 1069 1245 est,
1130 1169 1186 1230 si
1230 1175 1400 1232 recte
1447 1169 1540 1232 sic
1586 1169 1671 1233 sit
1715 1169 2117 1231 translatum.
2218 1169 2366 1249 Sep-

480 1257 777 1336 tuaginta
843 1251 1259 1337 interpretes²
1335 1276 1449 1339 pro
1518 1257 1796 1320 fenestra
1865 1257 2153 1321 iaculum
2214 1265 2374 1317 sunt

483 1344 905 1424 interpretati.
1017 1338 1189 1426 ⁸Ego
1246 1346 1338 1409 sic
1392 1351 1596 1409 verto:
1661 1346 1747 1409 Et
1801 1365 1913 1425 pro
1969 1345 2182 1409 iaculo
2238 1365 2370 1405 cnr-

481 1438 675 1494 ruent
718 1438 783 1496 et
825 1453 957 1496 non
987 1434 1512 1511 vulnerabuntur,
1564 1455 1624 1515 q.
1660 1434 1752 1496 d.:
1801 1437 1973 1497 Deus
2009 1433 2370 1497 fortunahit

481 1520 806 1584 insultum
851 1522 1265 1587 inimicorum
1311 1529 1600 1600 tuorum,
1666 1528 1744 1585 ut
1796 1521 1917 1585 etsi
1973 1523 2105 1585 sint
2149 1541 2370 1585 curam

481 1608 579 1671 eis
624 1609 838 1672 iacula
882 1616 1101 1673 tamen
1146 1606 1473 1674 corruere4
1523 1610 1796 1692 possint,
1861 1633 1941 1673 ne
1995 1613 2374 1691 ‘pertingant

484 1716 594 1759 eos
639 1698 851 1761 iacula
894 1719 1103 1780 neque
1138 1701 1573 1777 vulnerentur,
1622 1705 1698 1762 ut
1742 1699 1945 1761 frusta
1993 1705 2214 1761 contra
2262 1721 2370 1761 eus

484 1805 758 1849 nervum
803 1787 1155 1852 intendatis
1201 1808 1354 1851 cum
1397 1788 1627 1852 iaculis
1658 1789 1905 1865 vestris,
1957 1809 2121 1869 quae
2157 1789 2226 1849 in
2262 1805 2370 1849 eos

486 1872 970 1956 detorquebitiS‚
1021 1870 1305 1958 egregie⁶
1358 1882 1660 1957 poterunt
1705 1877 1893 1941 elabi.

866 2020 927 2081 A
972 2019 1135 2083 facie
1182 2019 1322 2082 eius
1368 2018 1756 2081 contremuit
1796 2025 1981 2081 terra.

664 2124 863 2187 Sonat
928 2125 1042 2187 hic
1103 2129 1321 2187 textus
1390 2125 1577 2204 quasi
1630 2122 1712 2186 de
1779 2124 2021 2185 iudicio
2077 2129 2374 2185 extremo

484 2211 788 2291 loquatur
832 2214 1163 2293 propheta,
1213 2210 1328 2274 sed
1372 2231 1504 2274 non
1550 2208 1702 2275 est*
1783 2212 1961 2273 Haec
2005 2217 2222 2273 autem
2270 2217 2374 2273 est

486 2301 807 2363 sententia
850 2301 1215 2381 prophetae,
1266 2320 1328 2379 q.
1363 2300 1457 2364 d.:
1505 2304 1673 2363 terra
1707 2301 2089 2373 turbabitur.
2141 2297 2370 2361 stellae

487 2388 867 2471 contrahent
922 2388 1330 2468 splendorem
1384 2407 1579 2452 suum
1592 2438 1606 2465 ,
1680 2408 1845 2468 quac
1905 2389 2125 2449 omnia
2194 2385 2374 2469 dicta.

488 2481 642 2538 sunt
688 2475 771 2538 ad
803 2477 1107 2539 affectum
1151 2477 1561 2558 patientium,
1612 2477 1769 2558 quia
1805 2477 2129 2537 morituris
2163 2485 2230 2537 et
2274 2477 2370 2537 sic

487 2564 559 2626 in
604 2566 903 2645 angustia
947 2566 1313 2629 constitutis
1360 2566 1582 2628 omnia
1623 2565 1833 2645 nigra,
1893 2565 2105 2629 tristia
2151 2573 2214 2625 et
2262 2563 2370 2625 ad*

487 2672 672 2715 versa
729 2653 1031 2718 videntur
1098 2675 1172 2717 ac
1239 2649 1598 2717 inimicafi‘*
1685 2653 1928 2716 Laetis·
1961 2673 2109 2713 vero
2165 2653 2366 2713 etiam

488 2741 735 2823 alioqui
786 2763 920 2807 non
979 2744 1135 2806 satis
1194 2741 1504 2820 iucunda,
1571 2741 1858 2805 iucunda
1909 2746 2130 2805 tamen
2188 2745 2360 2816 sunt,

489 2831 605 2910 qui
680 2832 878 2894 etiam
945 2832 1026 2895 de
1094 2824 1402 2895 stercore⁶
1478 2835 1592 2893 aut
1659 2825 2043 2911 quacunque
2110 2827 2229 2891 vili
2295 2846 2363 2891 re

667 2970 722 3039 *)
760 2963 913 3026 nota.
971 2970 1060 3038 **)
1097 2970 1422 3042 Pr0phetae
1445 2968 1520 3022 ad
1544 2968 1803 3024 adfectus
1833 2983 2032 3022 eorum
2055 2966 2128 3032 de
2152 2965 2363 3033 quibus

484 3041 802 3107 loquuntur
838 3056 1163 3095 sermonem
1198 3038 1654 3094 adcommodant.

670 3163 724 3231 1)
749 3165 951 3231 feilencl·
988 3164 1044 3232 2)
1070 3163 1257 3218 deest:
1282 3163 1656 3232 interpretes;
1680 3162 1914 3229 legitur:
1940 3165 2110 3217 certe.
2138 3160 2364 3229 [Editor

488 3234 889 3289 abbreviatum
923 3235 1267 3290 vocabulum
1316 3248 1435 3287 non
1478 3238 1632 3288 recte
1675 3232 1853 3301 legit]
1924 3231 1982 3301 3)
2021 3231 2210 3295 Quare
2260 3246 2364 3297 ego

489 3305 574 3359 sic
622 3309 807 3360 verto:
865 3304 1013 3361 Cum
1056 3305 1305 3374 irruent,
1359 3319 1479 3358 non
1522 3304 1981 3359 vulnerabuntur
2029 3301 2220 3369 gladio
2271 3302 2365 3356 vel

486 3375 717 3447 iaculis,
767 3392 821 3443 q.
859 3376 914 3431 d.
998 3377 1058 3446 4)
1103 3380 1302 3430 tamen
1347 3390 1467 3429 non
1509 3375 1986 3442 vulnerabuntur,
2033 3376 2101 3427 ut
2149 3373 2367 3425 frustra

489 3451 690 3500 contra
733 3462 832 3502 eos
881 3462 1139 3503 nervum.
1212 3446 1269 3516 5>
1313 3446 1472 3501 enim
1514 3449 1790 3515 poterunt
1833 3443 2000 3499 elabi.
2079 3443 2139 3511 6)
2176 3441 2363 3497 deest:

481 3521 738 3588 ⁹stercore
773 3521 888 3573 aut.
2360 3520 2363 3523 ⁴

522 3715 627 3770 d't'
665 3644 724 3713 †)
762 3643 853 3697 Sic
888 3643 1095 3712 legitur
1132 3643 1195 3696 in
1231 3646 1508 3697 contextu
1544 3639 1761 3695 collect.
1834 3640 2061 3693 Ienens.
2146 3653 2266 3692 non
2300 3637 2364 3691 ir

489 3731 521 3770 e
563 3733 584 3769 1
610 3730 758 3771 ione.
