2584 4267
920 283 1117 345 Amos
1163 246 1532 364 §rophetae
2040 287 2166 349 413

280 464 445 524 hora
525 460 896 540 superstites
974 478 1141 534 esse,
1233 466 1297 523 et
1369 461 1528 523 haec
1604 461 1698 522 ira
1771 462 1843 524 in
1917 463 1996 524 iis
2073 471 2171 527 est

280 548 593 624 maxima,
649 548 761 628 qui
793 553 1262 628 persequuntur
1289 550 1578 624 verbum,
1629 569 1827 629 quam
1867 551 2171 615 describit

284 640 545 700 Esaias:
597 640 769 700 Deus
821 642 1037 700 autem
1082 636 1173 699 sic
1203 636 1497 702 irascitur
1527 643 1591 701 et
1630 640 1922 719 percutit,
1973 659 2166 721 quan-

288 728 533 792 tumvis
577 728 836 802 saeviat,
885 732 961 788 ut
1005 731 1225 789 tamen
1265 727 1476 790 salvae
1506 735 1814 791 maneant
1843 729 2165 810 reliquiae.

284 816 477 876 Ideni
525 816 629 876 hic
673 816 996 876 videmus:
1061 814 1347 877 Minatur
1406 816 1499 877 eis
1542 816 1930 879 horrendam
1975 819 2169 899 capti-

288 904 558 968 vitatem
575 956 589 980 ,
661 903 1167 966 devastationem
1234 909 1300 967 et
1367 903 1792 986 direptionem
1852 906 2165 983 omnium,

284 996 673 1056 ¹i:masin-mn
725 1010 834 1053 eos
893 991 1232 1055 dominum
1291 1011 1405 1072 per
1464 1012 1680 1072 regem
1737 994 2166 1075 Assyriorum,

288 1088 364 1144 ut
396 1084 587 1160 plane
621 1099 842 1144 omnes
872 1079 1211 1144 videantur
1243 1081 1646 1158 absumendi,
1696 1088 1915 1145 tamen
1956 1103 2168 1165 super-

286 1172 428 1232 fore
477 1192 541 1232 re
557 1164 844 1248 *Equirria
894 1188 974 1230 ne
1020 1168 1279 1249 penitus
1326 1188 1550 1232 omnes
1580 1171 1915 1233 intereant.
1996 1173 2171 1234 Dura

288 1268 461 1320 certe
509 1268 573 1320 et
617 1256 933 1320 horrenda
961 1257 1165 1320 utitur
1192 1257 1513 1339 propheta
1551 1259 1993 1336 similitudine,
2042 1279 2171 1341 qua

288 1348 621 1408 miseriam
669 1347 1052 1428 captivitatis
1081 1347 1284 1410 voluit
1312 1347 1642 1422 exhiber03
1692 1354 1767 1410 ut
1812 1354 2030 1412 autem
2074 1355 2191 1412 est·

288 1444 513 1516 pastor
557 1444 621 1496 et
669 1436 939 1498 rusticus
984 1435 1093 1497 hic
1137 1435 1454 1517 propheta
1465 1435 1524 1513 ‚†
1568 1437 1661 1500 ita
1704 1437 1787 1499 ab
1831 1437 1935 1501 his
1981 1439 2169 1501 rebus

288 1524 749 1588 simffitudines
797 1523 1003 1600 ducit,
1063 1543 1224 1603 quas
1268 1523 1468 1588 habet
1525 1527 2009 1606 pernotissimas
2026 1577 2040 1603 ‚
2098 1534 2173 1590 ut

288 1612 376 1676 de
424 1608 789 1692 gregibus*
844 1611 1052 1676 vaccis
1097 1619 1215 1675 etc.
1312 1613 1479 1692 Ergo
1511 1620 1609 1676 est
1638 1617 1956 1678 sententia
2001 1615 2169 1678 simi-

287 1704 609 1776 litudinis,
669 1700 832 1764 sicut
876 1721 1010 1783 non
1055 1707 1168 1776 est,
1218 1702 1420 1763 immo
1466 1702 1631 1763 nihil
1676 1709 1792 1778 est,
1849 1703 2169 1766 conferen-

288 1792 457 1852 dum
505 1812 573 1852 os
621 1789 880 1868 aliquod
927 1795 1041 1852 aut
1086 1790 1371 1852 auricula
1414 1791 1703 1853 oviculae
1749 1811 1788 1852 a
1816 1791 2019 1872 leonis
2066 1812 2171 1854 ore

292 1886 497 1956 eru-ta,
549 1880 789 1960 reliquo
833 1884 967 1942 toto
1014 1896 1273 1960 corpore
1320 1878 1606 1959 depastO,
1655 1880 1748 1942 ita
1788 1880 1984 1942 etiam
2030 1899 2169 1943 con-

292 1976 513 2032 sumet
573 1988 681 2032 vos
745 1988 856 2028 rex
908 1968 1209 2047 Assyrius
1229 2018 1242 2043 ,
1306 1966 1419 2030 sed
1476 1974 1697 2033 tamen
1750 1968 2171 2048 paucissimos

292 2060 633 2140 praestabo
693 2056 1024 2136 integellos
1083 2075 1167 2118 ne
1224 2050 1556 2136 prorsum²
1624 2061 1888 2138 pereant
1928 2057 2171 2119 Israhe-

288 2144 541 2208 litae*ssss
633 2148 950 2224 Propheta
1015 2143 1238 2208 Esaias
1258 2194 1271 2220 ,
1345 2150 1419 2208 ut
1487 2151 1585 2208 est
1651 2145 1998 2224 elegantior
2050 2146 2174 2209 hoc

292 2236 537 2296 rustico
597 2256 637 2296 a
681 2227 998 2309 Thecoa,3
1066 2253 1221 2296 usus
1284 2238 1383 2296 est
1439 2233 1803 2296 amoeniore
1863 2233 2060 2296 etiam
2105 2234 2174 2296 in

292 2324 469 2384 hanc
545 2324 928 2384 sententiam
995 2321 1418 2384 similitudine
1487 2342 1625 2404 cap.
1681 2321 1965 2401 LXV.††
2025 2342 2173 2404 quo-

292 2412 493 2480 modo
553 2412 609 2472 si
669 2411 1027 2476 inveniatur
1088 2431 1362 2490 granum
1420 2412 1493 2474 in
1535 2411 1719 2474 botro
1782 2417 1846 2474 et
1904 2411 2172 2488 dicatur,

296 2524 384 2564 ne
453 2500 721 2580 dissipes
793 2499 951 2562 issud
969 2549 983 2575 ,
1061 2501 1371 2580 quoniam
1438 2500 1800 2563 benedictio
1877 2508 1975 2565 est
1991 2551 2005 2577 ‚
2086 2503 2177 2564 sic

296 2588 537 2652 faniam
601 2596 855 2672 propter
915 2608 1126 2652 servos
1188 2608 1395 2664 meOS,
1465 2594 1541 2652 ut
1608 2609 1741 2650 non
1808 2588 2177 2671 disperdam

296 2687 533 2744 totunm
629 2676 1017 2740 Huiusmodi
1059 2677 1216 2739 locis
1263 2677 1440 2757 pleni
1487 2683 1640 2739 sunt
1683 2679 2053 2758 prophetae.

946 2836 1026 2897 In
1071 2836 1259 2917 plaga
1302 2835 1539 2898 lectuli.

481 2944 609 3004 Hic
669 2944 864 3004 etiam
922 2943 1081 3022 ipsis
1126 2941 1382 3004 Iudaeis
1443 2958 1575 3005 non
1635 2940 1933 3004 convenit
1987 2960 2179 3022 super

296 3032 424 3092 hnc
473 3028 797 3092 vocabulo,
893 3031 1031 3110 Ego
1087 3031 1180 3092 sic
1226 3036 1434 3094 verto:
1495 3031 1574 3092 In
1631 3030 1865 3110 angulo
1920 3028 2069 3092 lecti
2092 3037 2179 3093 ‘et

296 3120 372 3180 in
416 3120 719 3180 'Damasci
765 3118 1108 3198 stratossffi‘
1197 3118 1639 3182 Divinandum
1693 3125 1911 3182 autem
1956 3125 2053 3181 est
2098 3118 2176 3181 de

481 3296 533 3360 ¹¹¹]
573 3292 781 3360 Incipit
821 3310 871 3360 p.
911 3293 1026 3345 LV.
1067 3291 1256 3354 Msci.
1331 3292 1412 3358 ¹''¹¹')
1452 3292 1525 3346 de
1559 3292 1818 3360 reliquiis
1856 3294 2106 3349 salvatis.

485 3455 537 3520 1]
605 3460 657 3504 et
725 3452 924 3505 vaccis.
1069 3450 1126 3516 2)
1189 3467 1439 3518 prorsus
1588 3451 1643 3519 3)
1709 3453 2035 3507 Thekoensi
2096 3453 2179 3505 ita

344 3540 445 3580 sus
485 3540 609 3592 sqq*

445 3684 505 3748 Τ)
545 3684 781 3736 Rustica
821 3683 1133 3750 prophetae
1172 3684 1511 3754 similitud0‚
1562 3685 1664 3738 sed
1702 3699 1849 3751 quae
1886 3680 2182 3738 miseriam
2267 3757 2271 3762 ι

344 3760 408 3808 tn,
485 3756 577 3820 ἢ)
621 3756 825 3808 Esaiae
861 3753 945 3808 65.
1019 3752 1150 3842 †††)
1189 3755 1490 3808 Lectulum
1526 3760 1583 3810 et
1622 3759 1882 3809 stratum.
