2584 4267
229 262 293 326 456
543 261 650 344 Caput
670 261 852 344 septimum

227 438 441 504 rectifioandis
469 439 581 502 muris.
634 436 678 503 Et
707 434 838 521 quando
864 437 921 500 hic
947 435 1078 500 dicitur:
1110 435 1163 498 do·
1251 449 1257 458 ·

226 529 336 592 minus
364 534 453 592 stans
481 548 578 610 super
610 548 741 600 murum
775 526 927 602 amussis,
962 525 1168 589 hebraismus

227 623 285 694 est,
301 616 336 682 id
348 622 411 693 est:
429 637 526 699 super
537 637 678 694 murum,
694 611 768 698 qui¹
785 614 1020 716 rectificabatur
1032 614 1166 678 amussi..

491 777 564 840 Non
586 776 731 842 transibo
754 775 906 859 amplius,
968 769 972 774 ’
1038 808 1041 812 <
1262 802 1263 858 3

226 884 289 947 hoc
310 889 373 948 est:
398 883 535 946 Etiamsi
557 883 705 948 differam
728 884 770 948 ad
792 889 922 964 tempus
944 879 1162 964 captivitatem

226 972 325 1049 illam,
348 991 448 1053 quam
470 972 613 1036 minatus
636 993 711 1036 sum
732 973 876 1047 Israheli,
899 977 1010 1035 tamen
1025 969 1165 1052 amplius
1262 976 1263 1051 l

226 1081 293 1126 non
319 1060 499 1143 praeteribo
529 1069 662 1144 peccata
694 1062 777 1137 eius,
812 1060 948 1142 puniam
978 1059 1091 1138 ,aliqua
1123 1077 1163 1120 ex

226 1149 349 1231 parte,†
370 1150 551 1216 rectificabo
574 1158 607 1214 et
620 1151 782 1233 adaptato
797 1148 1022 1212 eminentiores
1040 1146 1167 1228 lapides
1256 1144 1263 1225 ',

226 1259 301 1302 mea
333 1239 471 1316 amussi,
500 1240 562 1303 hoc
591 1247 656 1317 est,
685 1238 941 1303 animadvertam
969 1236 1005 1298 in
1032 1240 1169 1317 peccata
1261 1234 1263 1291 l

226 1327 324 1407 regis,
354 1327 421 1392 sive
443 1328 480 1390 in
502 1328 637 1392 domum
660 1328 752 1408 regis.
799 1328 906 1406 Atque
929 1327 964 1388 in
985 1325 1049 1397 hac
1071 1323 1169 1387 tertia
1263 1400 1264 1407 ἵ

226 1416 349 1479 visione
372 1416 515 1480 minatur
537 1419 661 1490 malum
683 1410 799 1480 domo'
830 1415 935 1495 regiae
956 1413 1161 1488 Hieroboam,
1263 1484 1264 1502 χ

160 1555 162 1558 .
226 1504 356 1572 excluso
377 1504 441 1566 alio
463 1505 594 1586 populo,
619 1506 672 1569 eui
694 1506 774 1568 dicit
795 1501 847 1567 *se
868 1503 909 1566 ad
932 1508 1063 1584 tempus
1085 1502 1166 1566 velle
1263 1510 1264 1556 l

226 1611 364 1673 parcere.
410 1592 566 1674 astorgo
589 1595 764 1671 sententia,
794 1611 825 1674 q.
850 1593 899 1655 d.:
930 1590 1020 1654 Sicut
1041 1609 1164 1653 cemen—
1263 1632 1264 1659 2

227 1683 327 1754 tarius
361 1680 463 1745 utitur
497 1684 618 1746 amussi
645 1703 705 1747 sua
731 1690 769 1746 ut
797 1681 922 1763 redigat
949 1680 985 1742 in
1019 1679 1164 1742 ordinem
1263 1680 1264 1741 ἶ

225 1771 351 1853 lapides
381 1771 561 1835 eminentes
588 1779 621 1836 et
648 1772 758 1834 minus
786 1772 869 1834 bene
897 1789 973 1832 cum
996 1768 1068 1831 aliis
1091 1787 1163 1847 qua-
1263 1817 1264 1825 .

227 1859 367 1937 drantea
390 1867 429 1924 ut
450 1860 507 1923 fiat
529 1862 614 1924 iusta
636 1859 856 1924 commissura.
891 1859 942 1921 Ita
961 1877 1020 1938 ego
1036 1875 1165 1937 quoque
1263 1894 1264 1901 .

227 1948 347 2012 iudicio
370 1969 443 2012 meo
466 1954 540 2013 ante
556 1950 775 2033 captivitatem
789 1949 880 2010 illam
898 1967 1052 2027 magnam
1067 1945 1168 2009 totius
1263 1932 1264 1999 ἶ

226 2039 319 2117 regni
347 2037 528 2101 rectificabo
557 2038 593 2101 in
622 2038 730 2101 medio
758 2037 872 2119 populi
898 2036 1033 2099 domum
1055 2034 1162 2096 Hiero·
1263 2078 1264 2081 ,

228 2125 325 2190 boam
348 2127 440 2208 regis,
465 2127 549 2192 sicut
571 2127 681 2191 statim
704 2126 843 2190 subiicit.
1264 2136 1265 2150 ¹

556 2287 599 2350 Et
621 2286 844 2350 demolientur.

317 2391 382 2452 Hic
405 2391 502 2453 simul
525 2393 712 2456 commiscet
734 2398 797 2454 tres
811 2392 883 2454 illas
898 2391 1047 2466 visiones,
1073 2410 1104 2470 q.
1117 2389 1164 2451 d:
1264 2378 1265 2441 ἒ

228 2478 307 2542 fient
329 2498 412 2558 quae
435 2479 592 2560 praedixi,
617 2480 674 2543 sed
696 2488 808 2544 tamen
824 2481 880 2543 illa
895 2479 970 2556 duo,
994 2497 1079 2559 quae
1100 2479 1164 2540 iam
1223 2475 1229 2484 ’
1264 2510 1265 2545 ι

228 2568 444 2631 comminatus
459 2587 534 2631 sum
549 2569 610 2632 toti
624 2589 732 2650 regno,
757 2570 906 2632 differam
923 2567 1165 2648 aliquantisper,
1264 2554 1265 2605 l

228 2655 310 2718 illud
332 2655 464 2719 tertium
486 2662 597 2738 autem
619 2679 687 2722 non
714 2658 871 2722 differam.
918 2658 961 2720 Et
989 2656 1079 2737 quod
1107 2673 1168 2717 nos

227 2745 380 2827 legimus:
486 2823 489 2830 .

487 2911 489 2916 .
573 2836 708 2914 Excelsa
731 2837 820 2914 idoli,

228 2941 344 3004 rectius
367 2939 414 3005 sic
435 2943 535 3022 leges:
566 2943 691 3007 Altaria
712 2936 899 3006 illusionis.³
948 2939 1084 3005 Pulchre
1106 2938 1163 3000 im·

310 3115 344 3207 t')
361 3115 469 3186 Incipit
486 3134 515 3186 p.
534 3115 654 3174 LXXV.
673 3116 769 3171 naci.

298 3291 346 3375 οι)
380 3295 569 3350 tenuatam
602 3296 721 3380 amussi.
765 3294 805 3378 a)
829 3258 935 3348 comui.
965 3292 1023 3376 .3)
1055 3281 1165 3374 namt
1264 3320 1265 3385 l

227 3367 842 3518 pertractandarum
855 3363 1152 3507 tilffldlnuletld

227 3506 353 3560 tnarcha
364 3507 446 3560 Isaac
463 3507 506 3562 ita
523 3509 710 3578 appellatum,
728 3509 775 3564 vel
786 3512 881 3562 totum
896 3507 1038 3574 populum
1046 3504 1148 3584 Israhe.

228 3592 393 3646 quanquam
411 3578 553 3646 propheta
570 3578 689 3646 respicit
707 3579 744 3632 cd
764 3578 1004 3646 significationem
1023 3572 1148 3632 vccabuh

191 3760 193 3765 ·
317 3737 340 3805 r)
359 3709 608 3804 accipiamus
627 3752 729 3806 poene
767 3738 805 3808 a)
824 3710 935 3794 nara
952 3735 1042 3792 aaa.
