2584 4267
439 346 563 409 Johelis
585 347 768 428 prophetae.
1031 344 1070 409 81

34 550 39 556 ·
133 523 359 604 amplissimae
381 524 619 603 promissiones,
644 540 808 603 quae'non
829 522 895 586 nisi
917 525 1075 587 contribu·

73 653 79 656 -
132 612 219 675 latos
241 618 274 675 et
296 612 449 677 contritos
466 612 591 675 animos
606 612 784 691 requinmt,
808 611 844 674 id
858 612 937 691 quia
958 633 1024 675 non
1039 614 1076 675 fit

131 702 169 763 in
192 700 307 780 impiis
333 720 391 780 per
418 700 699 774 comminationem
723 720 789 762 non
816 706 893 763 sunt
914 702 1014 763 etiam
1041 702 1077 763 in

132 790 181 851 eis
199 789 344 853 efficaces
359 785 618 869 promissiones*
654 787 705 851 Pii
720 808 795 851 vero
809 794 893 851 recte
907 786 1072 867 utuntur,¹

132 897 215 945 nam
237 897 295 957 per
317 878 401 940 iram
423 876 476 939 dei
499 882 532 939 et
558 877 845 939 comminationem
871 884 1078 941 conteruntur

131 966 169 1029 in
200 985 235 1027 se
271 971 304 1028 et
337 965 547 1042 deiiciuntur,
583 966 692 1029 ferunt
724 965 884 1028 iudicium
917 966 1076 1042 divinum,

133 1059 315 1134 agnoscunt
330 1074 427 1119 suum
449 1060 617 1134 peccatum
641 1060 674 1118 et
687 1054 939 1119 damnationem.
978 1051 1074 1118 Ideo²

133 1143 229 1207 audit
229 1142 258 1205 is
215 1144 562 1246 tfpromissionibus
597 1142 638 1205 ad
672 1143 926 1206 misericordiam
960 1144 1012 1206 dei
1044 1165 1078 1206 se

133 1237 344 1307 convertunt,
374 1238 406 1294 et
433 1232 479 1293 sic
501 1251 631 1295 rursum
665 1232 845 1311 erigtmtur,
882 1239 914 1294 et
946 1239 1078 1312 pacatae

135 1321 225 1383 fiunt
253 1340 366 1381 eorum
389 1320 610 1383 conscientiae.
662 1320 762 1399 Impii
785 1319 976 1383 durissimae
1003 1328 1080 1385 sunt

132 1407 287 1484 incudes,
313 1428 379 1470 non
407 1404 1075 1489 100100101101100011111100,1100000101

133 1496 232 1563 aliter
261 1502 406 1576 egmumt,
436 1496 509 1559 ideo
537 1496 620 1559 frust
606 1502 656 1559 tra
678 1516 845 1599 speramus
867 1498 963 1560 hodie
986 1498 1080 1561 aliter

33 1656 34 1659 Ἴ
134 1589 275 1651 acturos
316 1583 379 1647 Sed
401 1584 455 1648 1110
477 1604 548 1647 mos
571 1591 620 1647 est
642 1584 774 1649 deot
718 1591 774 1665 opt
774 1587 841 1647 imo
863 1588 1018 1663 maximo,
1043 1594 1081 1650 ut

133 1673 228 1753 prins
253 1672 295 1735 ad
317 1672 436 1735 inferos
459 1672 557 1735 ducat
579 1673 690 1735 fideles
713 1693 788 1736 suos
811 1694 911 1754 quam
933 1676 1078 1751 reducat,

132 1757 271 1824 tandem
294 1766 404 1826 autem
427 1761 473 1823 sic
495 1761 676 1825 damnatos·
694 1768 726 1825 et
747 1763 873 1825 territos
896 1764 1022 1832 reducit
1044 1784 1080 1827 ac

132 1850 327 1915 0000010110.
385 1846 472 1913 ιιοΙῑ810
501 1850 597 1913 hodie
630 1852 667 1913 in
693 1850 810 1913 nostris
844 1851 956 1931 impiis
989 1851 1077 1914 idem

133 1939 261 2018 egregie
299 1938 456 2001 videmus.
493 1931 698 2020 .Principes⁴
735 1939 846 2015 nostri,
886 1960 986 2018 quam
1020 1939 1078 2003 diu

132 2025 341 2107 evangelium
357 2032 505 2089 sanctum
528 2028 638 2107 magni
654 2026 707 2088 dei
729 2046 786 2107 per
801 2026 921 2089 Christi
940 2028 1078 2107 gratiam

131 2116 326 2195 recepimus,
350 2115 435 2178 nihil
455 2115 545 2178 aliud
567 2120 701 2195 egerunt
723 2135 823 2195 quam
842 2116 930 2195 quod
945 2116 1077 2198 obtorto

132 2204 218 2266 collo
242 2204 302 2267 deo
325 2205 391 2289 sint
413 2204 585 2281 adversati,
610 2222 669 2266 nos
691 2222 767 2272 oum
789 2204 948 2278 iudicium
970 2204 1023 2267 dei
1045 2211 1078 2268 et

134 2292 317 2355 vindictam
344 2299 514 2356 venturam
536 2292 773 2373 praedicamus,
802 2294 843 2355 ab
866 2294 946 2373 ipsis
969 2293 1076 2357 irride·

132 2400 224 2456 mur,
254 2380 416 2461 siquidem
444 2382 576 2445 omnino
603 2373 782 2461 impietatis
815 2381 952 2453 alicuius
987 2384 1078 2463 argui

132 2465 308 2531 noffl'lunt
334 2464 386 2532 00δ
422 2471 522 2532 etiam
548 2470 692 2533 maxime
726 2471 767 2531 ab
799 2472 964 2551 evangelio
994 2471 1077 2534 stare

132 2558 274 2637 fingtmt.
321 2556 374 2620 Sic
408 2558 568 2621 excaecati
602 2577 669 2620 non
694 2565 865 2621 moventur
890 2561 968 2622 ullis
994 2580 1076 2621 com·

134 2644 387 2723 minationibus,
424 2640 473 2708 et⁶
500 2646 612 2709 differt·
641 2647 773 2710 interim
805 2648 885 2711 deus
918 2648 1078 2711 iudicium

136 2752 237 2796 suum
264 2728 369 2813 quod⁷
401 2734 448 2797 010
471 2735 582 2815 procul
604 2734 705 2798 dubio
732 2737 905 2798 intentavit
932 2737 999 2798 iam
1022 2736 1077 2798 du-

134 2820 231 2898 dum,
261 2821 382 2901 differt,
413 2823 563 2903 inquam,
592 2830 722 2904 propter
748 2824 906 2902 quosdam
928 2824 1013 2904 pios,
1037 2844 1078 2887 ne

135 2916 169 2973 et
191 2911 258 2991 ipsi
281 2931 356 2974 cum
383 2912 495 2992 impiis
518 2917 663 2992 pereant,
692 2912 794 2975 etsie
819 2911 912 2974 cedat
934 2912 969 2973 in
991 2912 1077 2991 igno-

139 3142 143 3146 ’
226 3120 255 3191 *)
273 3120 319 3174 Ρ11
336 3116 416 3175 omni
433 3120 521 3177 verbo
539 3120 587 3175 dei
604 3125 682 3176 recte
698 3119 833 3190 utuntur.'
864 3121 910 3189 **)
928 3121 1077 3191 Principes

135 3194 304 3245 nostrornm
322 3195 492 3261 temporum.
530 3192 594 3260 ***)
612 3192 719 3260 Incipit
734 3209 764 3261 p.
782 3192 876 3250 XVII.
894 3192 990 3249 MSOi.

227 3388 256 3455 1)
269 3390 392 3441 utuntur
404 3392 525 3456 utraque
536 3386 675 3441 doctrina.
700 3386 729 3455 2)
741 3386 862 3443 Deinde
889 3389 918 3458 3)
931 3406 1080 3457 nunquam

185 3458 353 3512 consolatur
369 3458 460 3511 deest.
491 3457 519 3527 4)
538 3458 625 3526 Papa,
637 3457 774 3526 episcopi,
785 3458 947 3541 principes,
959 3462 1080 3534 nobiles,

181 3532 255 3583 torto
278 3528 352 3582 00110
376 3527 431 3583 deo
456 3527 659 3597 adversantur,
682 3543 735 3582 nos
753 3528 841 3595 igitur
859 3546 924 3585 cum
941 3504 1080 3586 iudicium

181 3600 268 3667 isqq.
305 3598 334 3668 5)
352 3598 446 3653 deest:
465 3598 660 3653 00011010-
678 3598 731 3653 sic.
768 3599 896 3666 Legitur:
922 3602 1025 3655 nolunt
1046 3617 1079 3654 ao

185 3669 293 3727 aecati.
324 3669 1079 3739 6)(1000111.011111011111.1030011Μο110οωῐο

185 3757 210 3794 10
237 3756 313 3810 000.ι
358 3738 386 3809 t)
431 3740 513 3795 deest
549 3740 626 3807 quod
668 3771 701 3781 -
737 3741 864 3808 inquam.
936 3741 1078 3807 Pergitur:

185 3815 258 3879 »pter
276 3828 340 3881 sqq.
529 3845 533 3851 ·

185 3884 331 3960 tutherlopp.
344 3912 429 3959 exeam
456 3911 505 3952 Vol.
517 3910 584 3952 XXV.
822 3967 834 3976 ν
902 3901 919 3954 6
