2584 4267
210 285 332 366 Insign.
357 286 536 349 sententiae
560 305 600 348 ex
622 285 802 349 concionib.
827 285 930 348 Ioelis.
979 286 1042 348 305

555 435 598 526 Π.

114 569 221 633 Poena
236 568 448 633 ebrietatis
463 570 546 633 fam
562 589 603 633 es
626 576 667 633 et
681 589 865 633 annonae
880 569 1041 632 caritas.

220 658 322 722 Item
345 659 587 741 peregrinus
610 659 760 735 hostis,
785 679 865 741 oap.
893 661 921 721 1.

193 764 319 827 Eiulate
349 764 430 828 ebrii
459 771 492 828 et
520 765 641 829 ululate
672 785 784 828 omnes
806 765 874 829 vini
903 771 1041 846 potores,

113 860 234 935 propter
254 859 410 931 mustum,
433 854 530 936 periit
552 855 641 917 enim
664 855 704 917 ab
728 874 782 918 ore
804 860 918 919 vestro.
955 853 1042 917 Gens

115 942 193 1004 enim
220 941 317 1005 fortis
339 948 372 1006 et
401 962 483 1023 quae
506 944 670 1007 numerari
692 943 805 1024 nequit
834 942 979 1007 aseendit
1002 943 1043 1018 ad

114 1038 221 1094 terram
242 1051 361 1094 meam.

542 1139 628 1202 m„

114 1261 164 1323 Ad
191 1261 485 1343 poenitentiam
518 1262 703 1345 pertinet
736 1262 962 1338 invocatiO,
998 1281 1042 1326 ao

113 1349 222 1414 rudes
259 1353 529 1416 eaeremoniis
574 1351 761 1435 publicis
806 1357 902 1414 sunt
938 1351 1041 1416 invi·

426 1435 561 1518 tandi,
586 1462 656 1524 cap.
684 1444 712 1503 1.

193 1546 393 1611 Sanctificate
415 1548 583 1626 ieiunium,
608 1553 780 1612 convocato
808 1553 943 1625 coetum,
968 1567 1040 1611 oon·

114 1641 229 1716 gregato
267 1653 375 1714 senes,
421 1637 587 1701 universos
631 1638 828 1702 habitatores
865 1643 967 1701 terrae
1005 1636 1041 1699 in

114 1723 237 1787 domum
258 1723 383 1787 domini
405 1724 458 1788 dei
480 1726 587 1803 vestri,
611 1731 643 1790 et
663 1727 798 1789 clamate
813 1725 855 1788 ad
871 1724 1041 1788 dominum

114 1818 164 1876 eto.
213 1813 435 1888 Caeremonias
467 1814 592 1879 habent
624 1815 771 1897 papistao
804 1832 947 1894 quoque,
984 1813 1040 1876 sed

77 1918 81 1927 ·
114 1898 171 1964 non
192 1901 233 1966 ad
254 1902 506 1980 invocationem,
539 1923 639 1984 quam
661 1903 791 1986 penitus
814 1902 977 1978 nesciunt,
1002 1902 1040 1964 si·
1155 1933 1157 1936 ·

114 1989 235 2069 quidem
258 1989 357 2054 fidem
379 1993 542 2070 nesciunt,
574 1998 607 2055 et
635 1991 770 2056 verbum
791 1996 1038 2072 persequuntur.

374 2228 377 2233 ⁴
534 2153 610 2217 Im.

330 2258 470 2320 Forma
492 2257 652 2334 orandi,
677 2277 757 2339 eap.
784 2258 813 2320 2.

132 2437 135 2442 ,
190 2358 358 2426 Miserere¹
378 2363 508 2428 domine
523 2384 620 2448 super
634 2364 793 2447 populum
815 2370 919 2441 tuum,
944 2370 976 2428 et
999 2385 1040 2427 ne

115 2446 161 2512 des
181 2446 412 2517 haereditatem
438 2458 529 2516 tuam
558 2453 595 2516 in
624 2453 848 2536 opprobrium,
878 2459 917 2517 ut
939 2453 1038 2517 domi·

114 2545 219 2610 nentur
240 2541 287 2604 eis
310 2548 430 2622 gentes,
455 2561 554 2622 quare
575 2542 687 2606 dicent
707 2543 743 2606 in
763 2541 893 2625 populis
911 2543 968 2605 ubi
992 2551 1041 2606 est

113 2624 182 2690 deus
204 2632 361 2693 eorum?
382 2630 465 2695 Cum
487 2632 550 2695 hae
571 2632 678 2696 forma
700 2631 821 2695 seilicet
843 2632 1040 2696 conveniunt

113 2713 339 2785 lovaniensium
364 2725 398 2784 et
424 2719 687 2784 tridentinorum
716 2739 841 2802 preces,
877 2720 1040 2783 orantium

113 2803 143 2864 in
171 2814 369 2872 mortuorum
406 2808 552 2888 nomine,
591 2828 729 2891 quorum
766 2808 1037 2884 intercessionem,

115 2889 226 2958 christo
248 2897 392 2975 excluso,
423 2905 597 2978 quaerunt,
628 2904 725 2979 atque
755 2898 816 2960 hoo
844 2896 957 2959 dicunt
978 2895 1039 2978 pie

76 3026 80 3035 .
115 2977 185 3058 lieri,
218 2983 348 3064 fingunt
375 2985 494 3063 dulias,
524 2988 647 3065 latrias,
682 2985 890 3069 hyperdulias
918 2991 950 3048 et
977 2985 1040 3048 alia

114 3076 261 3147 portenta:
294 3073 345 3137 Ita
371 3075 582 3140 manifestum
604 3075 729 3139 faciunt
751 3095 855 3155 quam·
873 3075 983 3137 sedulo
1007 3080 1040 3136 et

114 3156 158 3236 pie
177 3161 284 3242 legant
306 3163 537 3245 prophetarum
560 3166 688 3248 scripta,
713 3183 796 3244 quae
812 3184 895 3232 novo
911 3163 1038 3227 decreto

78 3320 81 3331 Ι
114 3249 345 3314 oonoiliabolum
379 3252 604 3318 Tridentinum
638 3253 773 3316 mandat
805 3273 872 3316 non
906 3254 969 3317 nisi
1002 3253 1039 3316 in

79 3370 81 3381 ·
113 3335 219 3400 usitata
239 3340 446 3404 translatione
474 3342 620 3423 legenda.
667 3343 718 3405 Sio
749 3342 838 3404 enim
867 3343 1039 3406 consulunt

162 3459 164 3470 ·
190 3428 261 3504 otio,
294 3434 327 3492 et
355 3429 485 3494 illorum
511 3432 662 3514 discipuli
689 3431 769 3494 dant
798 3452 945 3514 operam,
977 3452 1038 3494 nae

162 3513 307 3595 illigendo
328 3523 367 3580 ut
388 3519 471 3581 nihil
493 3521 689 3601 intelligant,
721 3520 883 3600 siquidem
909 3523 1037 3599 linguas

76 3682 81 3691 Ι
165 3618 224 3665 tum
252 3606 384 3686 spiritus
411 3610 514 3673 saneti
537 3609 842 3674 excellentissimum
870 3609 1035 3672 damnant.

161 3725 314 3738 ——-.....

192 3777 217 3845 1)
236 3779 288 3832 Ed.
310 3779 392 3834 1547:
411 3782 525 3836 Misere.

186 3876 229 3917 hert
242 3888 290 3926 opp.
307 3883 391 3928 exeget.
419 3879 466 3919 Vol.
480 3880 545 3921 XXV.
841 3871 877 3924 20
