2584 4267
530 320 654 383 148
892 280 915 293 ξ
1197 319 1407 401 Caput
1449 323 1734 400 primum

523 497 682 558 haee
727 494 1067 557 noxiarum
1112 496 1432 559 vermium
1490 499 1838 559 multitudo
1890 519 2007 579 per
2067 519 2131 559 se
2199 519 2403 579 poena

523 590 621 647 est
664 584 929 664 peceati,
977 590 1197 647 tamen
1241 585 1534 647 videmus
1582 607 1726 647 eam
1758 587 1950 647 etiam
1982 607 2131 647 (111111
2167 587 2403 667 signifi-

522 671 772 735 catione
841 691 978 735 esse
1039 672 1309 735 alicuius
1368 675 1674 753 grai-*ioris
1738 695 1982 755 poenae
2047 683 2399 739 sasantinae.

522 762 603 823 In
647 760 871 823 multis
917 762 1282 841 germaniae
1326 763 1622 843 partibus
1678 783 1850 823 anno
1898 763 2151 823 domini
2215 767 2399 827 1544.

521 845 847 913 locustae¹
903 850 1301 930 ingruerunt,
1350 870 1425 913 ae
1466 851 1654 931 lunge
1686 851 1942 931 lateque
1974 851 2407 931 depopulatae

523 945 676 1002 sunt
707 958 908 1018 agros,
957 958 1032 1002 ac
1077 939 1401 1020 superiore
1432 959 1622 1015 anno,
1670 943 1794 1003 hoe
1834 947 1930 1003 sat
1966 943 2071 1003 46.
2123 943 2403 1003 finitima

520 1028 744 1091 Italiae
809 1027 953 1090 loca
1019 1027 1103 1090 ad
1170 1027 1550 1091 Tridentum
1618 1035 1682 1091 et
1742 1031 2059 1091 Sannina
2127 1035 2403 1111 partem,

521 1135 686 1198 quae
732 1116 1023 1179 Silesiam
1069 1116 1347 1197 attingit,
1392 1136 1630 1195 magno
1676 1139 1942 1179 1111111010
1990 1119 2403 1195 infestarunt

521 1226 595 1270 ac
639 1225 846 1285 usque
892 1204 976 1269 ad
1006 1205 1256 1286 regium
1284 1210 1574 1268 montem
1606 1207 1999 1267 Francorum
2031 1227 2299 1287 Fragras
2303 1227 2399 1267 sae

522 1301 691 1358 sunt.
762 1295 1016 1357 Vastati
1056 1294 1254 1374 igitur
1292 1294 1429 1374 agri
1457 1315 1534 1355 110
1562 1295 1866 1355 radicitus
1902 1315 2127 1355 exesae
2155 1303 2399 1375 segetes

520 1402 635 1463 per
696 1402 763 1446 se
818 1388 971 1445 sunt
1014 1402 1260 1464 poenae
1305 1391 1730 1463 peccatorum.
1826 1383 1950 1443 Sed
1999 1403 2149 1443 cum
2207 1383 2395 1443 inu-si

517 1476 727 1533 tatum
773 1468 1085 1549 quiddam
1122 1491 1196 1533 ac
1225 1472 1448 1535 multis
1478 1479 1642 1535 retro
1678 1475 1906 1535 seembs
1938 1491 2071 1535 non
2099 1471 2399 1535 auditum

517 1558 642 1621 1100
687 1559 934 1620 malum
979 1565 1171 1637 esset,
1233 1559 1431 1626 etiam
1474 1583 1594 1643 pro
1642 1563 1822 1643 signo
1870 1563 1934 1623 id
1982 1563 2079 1643 pii
2147 1579 2395 1639 aecepe-

517 1652 687 1724 runt,
722 1665 850 1726 quo
883 1647 1040 1710 deus
1070 1648 1434 1715 ostenderet
1466 1651 1714 1711 futuras.
1746 1651 1954 1711 clades
1986 1671 2103 1731 per
2123 1651 2399 1731 impiam

518 1742 583 1800 et
633 1736 976 1798 barbaram
1033 1736 1321 1817 aliquam
1376 1739 1878 1801 multitudinem.
1982 1739 2167 1799 Sient
2227 1735 2395 1819 apud

515 1825 558 1888 J
558 1824 797 1888 udaeos
842 1843 1098 1905 quoque
1140 1826 1313 1889 hane
1358 1846 1654 1906 agrorum
1698 1827 2123 1891 vastationem
2187 1827 2395 1887 subse-

516 1920 665 1978 cuta
709 1920 807 1978 est
849 1913 1227 1994 gravissima
1281 1915 1546 1979 vastitas
1602 1935 1718 1995 per
1758 1915 2223 1995 Babylonium,
2287 1911 2391 1995 qui

513 2003 704 2083 longe
749 2002 1006 2083 gravius
1053 2002 1290 2065 afflixit
1333 2009 1586 2079 terram,
1638 2023 1834 2083 quam
1878 2007 2039 2067 haee
2075 2003 2391 2067 vermium

515 2092 712 2154 noxia
752 2090 1120 2155 multitudo.
1214 2091 1438 2155 Statuo
1481 2094 1678 2172 igitur
1706 2115 1839 2154 11011
1870 2095 2211 2172 allegorica
2239 2095 2391 2154 haee

516 2198 674 2256 esse,
723 2180 837 2243 sed
880 2200 1099 2243 revera
1141 2180 1674 2261 impoenitentem
1718 2181 2033 2262 populum
2063 2175 2387 2261 punitum

513 2288 649 2330 non
692 2287 824 2330 uno
871 2288 1042 2331 anno
1086 2270 1300 2331 noxiis
1330 2268 1674 2347 vermibus,
1724 2270 1836 2349 qui
1867 2288 2049 2349 agros
2080 2274 2146 2332 et
2180 2270 2389 2349 fruges

516 2376 740 2418 omnes
770 2355 1021 2437 depasti
1050 2356 1293 2419 famem
1324 2363 1389 2420 et
1417 2364 1666 2439 pestem
1695 2358 2134 2421 conciliarunt.
2216 2357 2389 2420 Haec

515 2444 725 2525 prima
778 2444 893 2506 sed
951 2444 1164 2507 adhuc
1215 2445 1393 2508 mitis
1452 2452 1518 2508 et
1574 2446 1921 2509 tolerabilis
1976 2465 2194 2527 poena
2249 2443 2385 2519 fuit,

515 2549 712 2611 quam
757 2532 1099 2595 subsecuta
1141 2538 1367 2613 postea
1409 2540 1507 2597 est
1551 2534 1826 2614 gravior,
1887 2534 1967 2597 de
2014 2554 2144 2615 qua
2201 2534 2387 2618 paulo

513 2626 661 2702 post
690 2620 863 2697 dicit,
897 2640 1132 2703 nempe
1161 2621 1471 2685 barbarus
1500 2623 1724 2700 hostie,
1758 2623 1873 2705 qui
1902 2623 2123 2686 omnia
2143 2621 2385 2687 evertit.

693 2670 881 2785 Quod
927 2708 1011 2772 ad
1055 2711 1544 2790 grammaticam
1590 2712 1838 2789 attinet,
1887 2712 2053 2776 sicut
2085 2712 2155 2773 in
2192 2708 2384 2773 omni·

511 2797 635 2861 bus
677 2798 943 2879 linguis,
990 2799 1084 2862 ita
1126 2800 1198 2861 in
1241 2801 1520 2863 hebraea
1563 2820 1821 2882 quoque
1863 2819 2103 2881 magna
2145 2798 2386 2882 opinio·

512 2905 673 2949 num
730 2887 812 2950 de
868 2888 1142 2971 propriis
1205 2889 1579 2952 nominibus
1622 2891 1894 2954 varietas
1940 2895 2055 2953 est.
2147 2888 2385 2951 Gazam

511 2995 770 3039 erucam
814 2977 947 3040 fere
991 2983 1268 3054 vertunt,
1318 2998 1357 3039 a
1385 2977 1579 3042 verbo
1610 2997 1814 3058 gazaz,
1860 2975 2039 3056 quod
2070 2976 2386 3056 signifieat

510 3064 801 3141 tondere,
863 3065 1194 3143 abradere,
1258 3085 1333 3129 ae
1392 3066 1691 3129 convenit
1735 3072 2000 3146 etymon
2056 3084 2210 3127 eum
2267 3064 2383 3126 hae

509 3152 796 3229 bestiola,
843 3172 1001 3215 nam
1045 3160 1110 3219 et
1151 3155 1385 3217 herbas
1430 3160 1496 3218 et
1540 3154 1695 3217 folia
1739 3154 2008 3217 demetit
2060 3152 2379 3217 dentibus.

509 3240 728 3303 Arbeh
783 3202 1034 3305 ²locusta
1090 3249 1212 3320 est,
1275 3263 1353 3305 ea
1408 3262 1649 3306 nomen
1704 3243 1930 3319 habet,
2001 3242 2178 3324 quod
2238 3257 2379 3303 eum

509 3348 749 3409 magna
790 3330 1205 3393 multitudine
1250 3351 1319 3393 se
1364 3332 1673 3395 effundat.

688 3416 832 3483 Sive
889 3419 1065 3482 enim
1118 3420 1364 3496 volant,
1426 3420 1518 3483 sie
1575 3418 1949 3485 catervatim
2005 3418 2251 3494 volant,
2309 3433 2333 3477 1

509 3506 752 3571 nubem
797 3527 934 3572 esse
979 3514 1195 3591 putes,
1244 3509 1378 3573 sive
1423 3514 1742 3592 occupant
1786 3526 2000 3588 agros,
2062 3508 2156 3570 ita
2199 3523 2339 3585 quaa

509 3596 903 3679 colligantur,
934 3605 1012 3661 ut
1040 3616 1364 3678 nusquam
1393 3598 1625 3681 pedem
1655 3597 1862 3679 possis
1898 3596 2110 3676 figere.
2201 3595 2243 3658 J
2244 3593 2338 3655 ele

685 3791 739 3859 1)
785 3792 1062 3845 Locustae
1097 3790 1371 3845 volantes.

2520 2827 2522 2834 r
2517 2700 2522 2704 ι
2517 2459 2524 2630 ,Λή-Α--
2518 2386 2524 2436 -.1.
