2584 4267
446 248 545 310 Amos
567 248 752 330 prophetae.
1003 248 1066 314 407

71 421 74 429 '
126 423 260 506 quentis
283 424 445 488 concionis
459 425 540 488 haec
562 430 627 488 est:
658 425 779 489 Offensi
802 419 907 488 erant¹
938 426 1068 506 plurimi

126 535 170 578 ex
193 512 404 595 praecedente
419 514 594 595 prophetae
613 515 775 590 concione,
799 513 977 594 arguebant
998 535 1067 595 pro·

126 603 264 683 phetam
287 602 449 679 stultitiae,
473 603 590 683 utqui
612 623 715 683 usque
741 602 822 666 adeo
844 602 928 664 nihil
949 603 1068 667 veritus

126 691 246 754 fuisset
267 691 365 754 simul
387 710 499 754 omnes
519 691 673 754 damnare
687 698 721 755 et
734 691 910 772 impietatis
926 710 1066 771 arguere,

125 799 205 842 cum
234 785 345 844 tamen
372 780 477 843 bonus
507 780 551 843 sit
578 799 637 843 rex
665 787 698 843 et
725 781 829 844 maior
858 799 933 882 pare
955 780 1068 862 populi

127 868 184 949 pia
206 868 259 931 sit.
306 868 451 948 Atque
441 875 488 932 111
454 868 640 932 tiortuna
662 869 745 950 regis
774 868 899 932 cocceio
928 868 975 931 eis
1005 868 1069 930 fuit

126 955 300 1020 resistendi
321 957 506 1059 prpphetae.
554 958 638 1037 Ergo
662 963 790 1021 coactus
806 958 964 1038 propheta
986 956 1069 1019 redit

125 1051 161 1107 et
183 1051 313 1108 strenue
335 1045 439 1126 pergit
425 1045 615 1108 tdamnare
638 1066 709 1122 eoa,
740 1046 823 1108 nihil
850 1046 971 1108 scilicet
992 1045 1067 1109 vali

126 1139 235 1196 turam
246 1132 434 1214 hypocrisin
445 1154 544 1218 quam
560 1154 636 1198 suae
653 1135 814 1216 impietati
829 1138 1065 1216 praetexerent

107 1221 244 1301 .Sicque
268 1221 352 1285 ordit
338 1227 403 1285 tur:

137 1398 258 1462 Audite
281 1399 415 1461 verbum
437 1399 525 1482 quod
547 1401 674 1552 locuttqs
696 1406 746 1463 111
768 1378 919 1464 dominus
941 1405 1053 1463 contra

525 1508 581 1552 vos
608 1509 625 1550 e
662 1538 668 1551 .

216 1592 291 1675 Ipse
325 1593 431 1657 reddit
464 1613 610 1658 caussam
648 1596 751 1679 huius
787 1594 1067 1676 praedicationis‚†
1126 1618 1141 1627 ·

126 1702 157 1761 q.
174 1681 225 1744 d.:
249 1683 327 1745 Esto
342 1683 472 1762 elegerit
485 1703 542 1746 vos
562 1680 731 1746 dominus*
756 1683 819 1746 sibi
841 1684 876 1745 in
899 1682 1066 1765 populum,

127 1776 195 1833 estc
219 1771 358 1834 celebres
381 1772 451 1834 sitis
467 1792 524 1856 per
545 1773 666 1848 orbem,
690 1771 851 1834 nobilitati
866 1770 1067 1839 multimodis

126 1857 179 1921 dei
214 1859 365 1941 operibus
400 1866 432 1924 et
464 1860 629 1924 beneficiis
664 1881 721 1942 pro
755 1859 862 1934 vobis3
898 1865 966 1923 esto
1000 1862 1066 1924 non

127 1947 239 2011 fecerit
261 1948 367 2012 taliter
389 1949 480 2012 omni
502 1950 636 2013 nationi.
683 1948 761 2011 Ideo
789 1969 854 2011 non
877 1949 955 2011 iusti
978 1950 1065 2025 estis,

126 2037 204 2116 quia
237 2039 587 2119 praevaricatorest
538 2039 615 2103 estis
649 2037 778 2101 divinae
811 2037 901 2116 legis,
936 2037 1067 2100 interim

127 2130 237 2188 tamen
260 2126 342 2190 bene
371 2127 504 2230 placetis
538 2127 629 2190 vobis
664 2126 704 2190 de
738 2132 843 2189 vestra
871 2126 1065 2202 innocentia,

126 2213 210 2276 hanc
233 2233 308 2280 vero
331 2235 389 2296 ego
405 2216 523 2297 arripio
546 2221 578 2278 et
592 2214 722 2278 damno.
752 2214 804 2277 Ita
819 2223 962 2334 semper
968 2215 1067 2278 etiam

128 2302 193 2382 agit
216 2303 384 2366 nobiscum
414 2303 525 2368 divina
553 2304 718 2381 maiestas,
748 2308 786 2367 ut
813 2295 965 2424 quando²
989 2302 1067 2367 boni

128 2409 195 2453 esse
217 2392 557 2468 volumueetsancti,
592 2385 929 2456 ³coramdeos1mus
954 2391 1065 2474 impii;

129 2475 328 2560 (1111111111ὁ
373 2501 439 2544 non
477 2482 572 2557 vult
610 2476 705 2563 quia⁰
756 2500 853 2543 suum
898 2487 1066 2560 peccatum

216 2690 242 2759 ')
260 2690 367 2759 Incipit
384 2707 412 2757 p.
431 2690 493 2743 LII.
512 2687 608 2744 Maci-

199 2884 226 2952 1)
254 2885 348 2939 deest:
372 2883 535 2946 Offensi-
554 2883 709 2938 resistendi
732 2882 898 2965 prophetae.
934 2881 1065 2946 Legitur.

130 2953 238 3010 Offensi
257 2955 357 3010 Iudaei
375 2955 559 3039 praecedenti
572 2955 730 3022 prophetae
743 2953 889 3021 concione,
908 2951 1067 3018 arguebant

130 3027 299 3094 prophetam
318 3031 365 3080 stu
365 3026 421 3079 ltit
413 3042 465 3095 111,
490 3026 566 3094 quod
590 3041 650 3080 non
672 3029 750 3079 esset
765 3024 874 3079 veritus
892 3036 988 3089 regem
1005 3026 1067 3076 tam

131 3097 315 3167 fortunatum,
341 3102 370 3151 et
395 3069 534 3164 popdlum
551 3101 612 3150 tam
637 3096 801 3150 studiosum
825 3093 972 3160 religionis
990 3093 1066 3146 dam·

131 3183 205 3221 nare.
241 3169 316 3222 Nam
335 3169 480 3222 fortunam
497 3167 572 3234 regis
590 3166 733 3235 putabant
744 3165 905 3220 maximum
920 3180 1066 3232 argumen

131 3242 192 3290 tum
209 3254 281 3309 esse,
301 3255 369 3308 quo·
375 3239 548 3308 prophetam
565 3239 737 3306 refutarent,
760 3237 838 3305 quod
861 3236 1067 3290 existimabant

131 3308 222 3363 Deum
239 3327 299 3364 non
317 3311 453 3364 daturum
471 3325 638 3364 successum
661 3310 686 3363 si
709 3324 760 3362 rex
777 3313 839 3361 tam
857 3307 959 3362 esset
951 3307 1066 3374 rmpius‚

165 3395 216 3433 am
241 3397 307 3435 eum
332 3381 424 3436 videri
442 3381 558 3437 volebat
575 3382 724 3450 propheta.
762 3380 838 3444 Ergo
863 3382 978 3432 coactus
1004 3393 1065 3443 sqq.

186 3453 308 3506 maxime
335 3452 405 3506 boni
432 3468 494 3520 sqq.
535 3451 563 3519 3)
590 3455 654 3505 tum
682 3466 777 3504 coram
804 3465 866 3516 sqq
903 3447 931 3515 4)
958 3461 1091 3502 sumus

178 3522 240 3576 Non
256 3524 320 3578 vult
337 3527 518 3590 peccatores..
547 3522 574 3588 6)
594 3522 644 3590 qui
663 3536 715 3576 sua
733 3523 857 3589 peccata.

170 3648 342 3660 *-

219 3715 246 3786 †)
265 3718 380 3772 Falsam
398 3717 526 3772 iustitiae
544 3687 761 3785 persuasionem
779 3714 905 3799 damnat.
