2584 4267
419 284 540 349 Johelis
563 286 748 369 prophetae.
1011 285 1053 351 97
1164 278 1170 290 ’

120 456 236 538 oendi‚¹
264 461 487 545 praedicandi,
519 484 585 527 non
607 484 665 546 per
687 463 855 528 hominem
881 484 986 545 neque
1011 466 1052 528 ab

118 551 258 628 homine,
289 551 347 615 sed
376 571 434 634 per
462 551 561 615 deum
590 552 760 630 divinitus,
791 573 858 617 non
884 554 945 617 erit
973 554 1053 623 ordo

119 638 242 719 aliquis,
268 640 353 706 siout
374 640 410 703 in
432 641 531 706 veteri
553 642 687 725 populo,
716 662 828 707 eorum
849 663 948 725 penes
972 662 1053 723 quos

118 729 195 791 solos
217 729 264 792 sit
284 729 430 793 officium
452 729 664 808 sacerdotale,
695 731 751 795 sed
781 731 965 797 effundetur
991 733 1052 813 spi·

117 818 190 881 ritus
213 837 313 899 super
334 838 467 883 omnem
488 839 628 899 earnem,
656 840 769 884 omnes
791 826 887 883 erunt
908 820 1052 885 doctores

117 913 146 969 et
166 904 346 973 s'aoerdotes
369 906 430 971 dei.
476 908 521 973 lli
542 928 617 993 ergo
638 909 781 973 maxime
802 909 971 991 oportebat
991 911 1053 973 hoo

116 1014 262 1074 regnum,
293 996 390 1078 plane
420 996 583 1061 diversum
606 998 647 1061 ab
670 998 724 1061 illo
748 999 846 1081 priori
871 998 1052 1062 manifestis

118 1084 209 1163 signis
243 1085 386 1149 instituti
420 1092 453 1149 eb
486 1085 684 1163 confirmari,
719 1093 751 1152 et
781 1093 892 1170 aperta
919 1088 1052 1170 spiritus

116 1174 303 1237 revelatione
326 1194 384 1238 seu
406 1175 571 1252 effusione,
596 1175 759 1256 siquidem
780 1177 906 1240 oooulta
920 1177 1052 1257 spiritus
1097 1168 1101 1187 ¹

116 1262 260 1327 revelatio
290 1270 325 1327 et
352 1264 388 1325 in
417 1283 581 1345 synagoga
610 1271 688 1327 erat.
733 1264 809 1328 Hue
836 1264 1052 1345 quadrantal

116 1351 269 1415 referendi
303 1357 381 1415 sunt
414 1353 478 1415 loci
511 1353 569 1433 qui
598 1354 721 1435 passim
749 1355 785 1420 in
815 1354 981 1436 prophetis
1009 1353 1051 1415 l·

118 1443 229 1519 guntin
252 1448 286 1504 et
308 1442 343 1505 in
366 1440 493 1523 seriptis
517 1444 750 1523 apostolorum,
781 1449 819 1507 ul
845 1463 920 1506 oum
942 1444 1050 1505 Hiere-

116 1529 212 1611 mias†
235 1526 316 1593 aiil:
345 1524 455 1594 Dabo²
469 1540 590 1594 'meam
612 1532 649 1595 in
670 1532 845 1596 visceribus
868 1552 988 1608 eorum,
1020 1538 1052 1595 et

116 1617 147 1679 in
166 1618 265 1681 eorda
287 1638 399 1682 eorum
422 1620 574 1699 scribam,
606 1626 638 1684 et
667 1642 720 1684 ero
746 1622 850 1685 eisin
873 1621 988 1697 deum,
1020 1628 1052 1683 et

117 1706 173 1787 ipsi
194 1714 292 1771 erunt
313 1708 397 1770 mihi
418 1709 454 1771 in
476 1709 651 1791 populum
675 1730 788 1773 omnes
811 1709 899 1772 enim
922 1728 1051 1789 eognos-

119 1801 183 1858 cenb
210 1816 266 1859 me
296 1817 316 1859 a
348 1797 485 1860 minimo
518 1818 621 1879 usque
657 1798 698 1861 ad
732 1798 922 1860 maximum.
967 1799 1052 1864 Item

119 1882 222 1947 Esaiae
261 1886 429 1968 LHH.††:
476 1886 650 1951 Universos
688 1888 772 1950 filios
815 1893 888 1950 tuos
933 1886 1052 1948 faciam

120 1970 220 2037 doctos
244 1994 266 2036 a
288 1974 430 2038 domino.
476 1975 595 2038 Ioann:
626 1976 684 2037 VI.
694 1979 773 2057 †††:
805 1976 910 2038 Erunt
939 1991 1051 2038 omnes

120 2060 315 2127 θεοδίδακτοι
349 2070 408 2127 ebo.
470 2065 590 2145 Atque
622 2063 658 2127 id
695 2059 866 2145 impletum
904 2069 954 2127 est
998 2062 1064 2152 die)

119 2148 322 2215 Penbeoosles¹
788 2161 790 2165 ’

197 2241 350 2305 Revelato
372 2236 488 2322 igitur³
516 2242 681 2323 evangelio
704 2247 737 2305 el
759 2241 911 2304 omnibus
930 2241 1051 2304 finibus

120 2332 209 2390 terrae
239 2338 305 2411 per'
328 2332 488 2413 apostolos
511 2332 621 2413 palam
649 2330 749 2408 fanto,
780 2325 845 2393 sio‘
858 2326 960 2394 'enim
983 2337 1051 2392 erat

120 2418 342 2498 prophetatum
369 2420 405 2481 in
434 2420 575 2502 psalmo:
611 2413 833 2484 cessaverunt⁵
870 2419 937 2482 iam
969 2420 1050 2483 haec

120 2502 249 2585 3535an
272 2508 350 2588 quia
371 2528 438 2571 non
452 2508 519 2571 iam
534 2508 785 2591 dubitans&
807 2509 848 2571 de
868 2509 1051 2589 evangeliea

119 2595 258 2673 veritate,
295 2616 378 2676 quae
411 2604 480 2662 tam
514 2598 632 2679 apertis
670 2605 703 2661 eb
735 2597 915 2662 visibilibus
949 2597 1050 2677 signis

120 2684 299 2749 confirmata
325 2692 374 2749 est
402 2692 473 2749 tum
502 2706 577 2750 oum
607 2706 688 2769 opus
718 2693 801 2763 erat,
839 2706 914 2749 eum
943 2686 1050 2749 adhue

120 2790 193 2836 nova
220 2780 291 2837 erat
317 2775 511 2857 praedicatio
540 2776 605 2839 illa.
652 2775 729 2838 Ideo
752 2795 819 2838 non
842 2779 919 2837 sunt
940 2774 1007 2836 iam
1030 2794 1050 2837 a

121 2860 202 2925 nobis
229 2863 426 2943 requirenda
459 2864 552 2947 signa
585 2884 643 2946 pro
672 2863 762 2928 verbi
796 2862 1047 2939 confirmatione,

121 2950 288 3027 quodiam
312 2958 406 3018 antea
428 2959 495 3017 tam
519 2952 682 3017 evidenter
704 2958 753 3015 est
768 2951 993 3015 confirmatum
1017 2957 1049 3013 et

121 3039 232 3103 mundo
268 3040 459 3104 exlribitum.
522 3042 620 3123 Signa
654 3061 737 3123 quae
770 3040 827 3103 dat
864 3040 944 3103 deus
982 3060 1048 3103 non

199 3214 225 3283 *)
244 3214 407 3271 Hieremias
426 3216 468 3271 13.
506 3216 547 3285 ⁸*)
567 3216 657 3283 signs.

200 3390 227 3460 1)
247 3394 386 3447 autoritas
405 3393 524 3461 spiritus
543 3394 644 3464 saneti,
662 3410 722 3449 non
740 3410 793 3462 per
805 3411 867 3463 sqq.
896 3394 924 3465 2)
943 3394 1048 3463 Legem

172 3478 213 3516 an.
258 3462 316 3531 (Sic
339 3464 437 3532 reete.)
479 3464 508 3532 3)
534 3465 603 3521 Rev.
629 3469 728 3519 autem
752 3467 811 3520 iam
834 3482 878 3524 ev.
921 3465 950 3534 4)
970 3468 1049 3523 Siout

172 3536 292 3602 ;proph.
329 3534 357 3605 5)
376 3551 446 3590 oess.
466 3536 548 3603 signa
565 3536 629 3591 ista.

199 3692 228 3762 †)
256 3694 361 3749 Jerem.
390 3694 432 3748 13.
499 3694 546 3764 ††)
575 3696 662 3751 Esaia
689 3696 732 3753 54.
796 3694 862 3767 ffi)
889 3696 993 3750 Johsn.
1022 3695 1047 3746 6.

176 3762 196 3831 l)
214 3765 335 3820 Duratio
353 3770 383 3819 et
399 3781 478 3821 usus.

92 3848 96 3851 ’
176 3863 240 3904 vtherl
254 3874 303 3913 opp.
317 3866 401 3913 exeget.
429 3864 476 3905 Vol
491 3863 556 3905 XXV.
871 3854 886 3906 7
