2584 4267
232 268 298 332 430
562 268 668 349 Caput
690 268 846 347 quintum·

564 445 689 508 Domus
710 445 839 526 Ioseph.

318 553 467 634 Regnum
481 550 604 615 Israhel
627 551 705 613 alias
728 550 845 615 domus
864 550 992 633 Ioseph,
1016 550 1178 628 Samaria,
1232 586 1236 592 -

228 637 404 720 Israhel‚¹†
427 642 521 704 Mons
537 640 705 722 Ephraim,
730 637 847 704 domus
870 639 1028 722 Ephraim
1051 646 1114 704 eto.
1138 641 1177 702 in

149 786 152 794 .
229 730 396 811 prophetis
419 725 634 793 nominatim*

328 889 391 963 Qui
414 889 598 954 convertitis
620 889 657 952 in
679 887 881 952 absinthium
903 887 1072 952 iudicium.

315 994 406 1058 Haeo
439 995 505 1059 duo
539 995 695 1061 voeabula
730 1015 857 1078 semper
891 995 1059 1075 coniungit
1097 996 1173 1058 seri·

225 1089 330 1164 ptura.
387 1085 447 1148 Est
484 1089 593 1148 autem
629 1085 684 1148 hie
720 1084 809 1148 loeus
846 1085 968 1166 petitus
1004 1103 1048 1146 ex
1080 1083 1176 1148 Mose

225 1173 396 1236 Deuteron.
421 1174 587 1254 XX1X.††
613 1194 655 1237 ne
682 1174 725 1237 sit
752 1175 916 1238 intervos
938 1173 1033 1235 radix
1056 1173 1173 1253 germi-

224 1283 306 1326 nans
337 1263 380 1325 fel
410 1270 443 1326 et
470 1263 731 1326 amaritudinem.
778 1262 831 1324 Ex
859 1281 925 1342 quo
947 1263 1018 1325 loeo
1039 1262 1175 1343 repetiit

226 1353 324 1415 etiem
354 1359 465 1416 auctor
487 1351 641 1433 epistolae
671 1351 714 1414 ad
740 1351 906 1414 Hebraeos
935 1370 1005 1433 cap.
1029 1349 1174 1430 Xssssl‘l

158 1501 163 1508 .
225 1439 309 1504 Item
331 1441 438 1504 Actor.
462 1440 634 1519 vmssffi
680 1441 740 1504 Est
767 1446 876 1504 autem
903 1440 1081 1503 sententia:
1113 1437 1174 1504 vos

225 1528 406 1592 iniustitia
428 1534 533 1592 vestra
555 1528 660 1592 securi
687 1529 894 1594 contemnitis
924 1528 1038 1605 deum,
1071 1547 1174 1608 quem

226 1619 338 1681 timere
368 1616 549 1694 debebatis,
585 1611 715 1699 itaque²
750 1617 838 1698 quod
872 1617 995 1698 alioqui
1023 1616 1171 1681 dulcissi-

226 1728 318 1770 mum
349 1714 406 1784 est,
436 1727 494 1772 vos
520 1705 644 1772 vertitis
673 1706 767 1771 vobis
795 1713 829 1770 et
858 1705 928 1770 aliis
955 1705 992 1768 in
1021 1725 1174 1770 amarum

227 1796 271 1858 fel
294 1803 352 1860 ete.

552 1883 841 1964 Arcturum.†l†i†

315 1991 356 2054 ln
382 1991 445 2054 hoo
477 1991 548 2054 loeo
580 1991 672 2056 veria
704 1989 993 2054 comminiscuntur
1025 1989 1172 2068 hebraei,

227 2079 283 2142 sed
306 2080 430 2144 ineerta
452 2101 520 2159 nos,
545 2080 618 2144 ideo
641 2099 701 2143 nos
724 2097 854 2160 quoque
876 2079 977 2142 missa
998 2077 1170 2143 iaciamus.

227 2168 275 2230 Eo
309 2175 419 2232 autem
453 2171 586 2233 omnino
619 2168 726 2233 tendit
757 2169 929 2250 propheta,
962 2165 1006 2230 'ut
1037 2168 1172 2245 iterum,

227 2257 311 2319 sieut
344 2277 456 2340 supra,
493 2245 637 2340 oppdnat
665 2258 845 2340 potentiam
874 2256 928 2320 dei
953 2255 1065 2338 impiis
1095 2276 1172 2321 oon-

226 2346 453 2425 temptoribus;
484 2347 568 2410 siout
596 2353 628 2411 et
650 2345 811 2429 indicant,
843 2365 926 2426 quae
953 2341 1168 2426 sequuntur.³

441 2553 446 2570 .
499 2503 540 2565 In
562 2510 691 2567 nostem
713 2504 893 2589 obscuram.

315 2631 346 2691 q.
371 2609 418 2672 d.:
442 2609 506 2687 Dii,
531 2629 612 2692 quoe
634 2611 670 2674 in
692 2611 782 2674 Betel
804 2612 840 2674 in
858 2605 966 2675 Betel⁴
991 2613 1169 2692 requiritis,
1249 2652 1252 2661 .

315 2785 340 2855 ⁸)
360 2786 448 2840 Varia
466 2785 585 2840 nomina
602 2787 684 2854 regni
702 2784 822 2841 Israhel.

315 2945 342 3015 1)
361 2947 454 3002 deest:
473 2946 594 3000 Israhel.
631 2945 660 3014 2)
679 2947 780 3000 Deest:
791 2931 898 3013 'itaque
916 2973 950 2985 -—
969 2945 1008 3000 iel
1025 2951 1081 3000 ete.
1115 2947 1168 3000 Le

224 3017 315 3083 gitur:
333 3018 486 3076 Praeterea
503 3017 614 3071 nullam
625 3018 734 3072 iustam
745 3017 1027 3072 administrationem
1038 3015 1168 3086 habeus,

224 3088 276 3141 sed
303 3087 456 3142 abutimini
483 3089 614 3156 potentia
640 3094 738 3143 vestra
765 3088 802 3142 ad
829 3088 1036 3156 opprimendos
1063 3087 1167 3142 bonos

224 3159 370 3241 Significat
388 3161 467 3213 enim
484 3163 639 3226 utrumque
657 3160 733 3214 male
751 3159 948 3213 administrari
965 3157 1119 3212 eeclesiam
1137 3164 1170 3213 et

223 3230 355 3295 politiam
372 3228 535 3293 etc.i·l†l††
571 3229 600 3298 3)
619 3231 756 3284 Additur:
776 3230 860 3295 Quod
878 3229 1001 3283 Latinus
1017 3233 1170 3284 arcturum

103 3302 114 3330 ⁸
222 3299 318 3368 vertit,
346 3299 395 3352 alii
420 3306 540 3384 romunt
566 3301 711 3384 Pleiades,
743 3306 774 3355 et
799 3301 904 3355 melius
930 3299 1170 3368 plaeet.ffi·li††

222 3369 800 3439 4)Alterum‚1nBetel‘om1ssumest.
849 3437 853 3446 ¹

312 3529 341 3597 †)
360 3530 449 3584 Varia
472 3532 591 3586 nomina
614 3533 695 3599 regni
720 3532 840 3586 Israhel.
877 3529 924 3599 ††)
944 3531 1100 3584 Deuteron.
1121 3530 1160 3584 29

221 3599 287 3666 †i†)
310 3602 378 3655 Ebr.
401 3601 443 3655 12.
489 3601 573 3672 ἢῆ)
599 3603 708 3656 ΑΜ.
753 3601 858 3670 fiffi)
876 3600 984 3657 vlia:
1011 3602 1157 3656 Arcturus

192 3667 199 3686 ’
221 3673 361 3728 Pleiades.
402 3671 523 3740 l'll’ffi)
549 3674 708 3728 Ecclesiam
735 3678 765 3728 et
787 3674 921 3742 politiam
942 3673 1019 3727 male
1041 3672 1156 3726 eumin*

223 3744 316 3796 strar-i.
352 3743 491 3813 iil-iffi)
510 3745 604 3798 Verus
622 3745 782 3814 prophetae
801 3759 911 3800 sensus.
