2584 4267
237 275 301 339 228
572 273 678 355 Caput
700 274 832 337 tertium
915 232 929 256 ο

235 453 317 515 tiam
344 449 515 531 impletam
547 451 584 512 in
617 449 671 512 die
699 451 903 514 Pentecostes
937 469 1014 514 cum
1046 451 1197 531 spiritua

235 545 366 603 sanctus
388 539 522 602 coelitus
544 537 713 601 descendit
734 545 767 602 et
788 539 938 620 implevit
959 557 1020 602 suo
1042 540 1195 602 numine

235 629 362 692 animos
383 627 602 708 apostolorum
625 627 739 707 etqui
761 647 836 690 cum
866 627 913 689 eis
941 632 1051 703 erant,
1081 633 1127 690 ιιι
1157 634 1194 690 et

234 718 442 797 loquerentur
462 716 582 795 linguis
605 719 702 778 antea
723 736 789 779 non
803 715 986 791 intellectis,
1010 722 1045 778 et
1058 735 1192 796 magna

233 807 353 870 virtute
386 803 610 867 testimonium
643 803 760 867 darent
792 804 1017 868 resurrectioni
1046 803 1188 880 Christi,

235 894 293 975 qui
314 899 390 956 ante
411 893 475 956 hoc
496 891 620 955 donum
635 893 770 974 coeleste
784 898 876 956 metu
895 893 1088 972 perturbati,
1117 913 1190 956 non

235 983 340 1046 solum
361 1000 429 1045 non
458 980 586 1057 docere,
617 980 675 1044 sed
701 982 758 1044 vix
787 981 823 1044 in
849 981 1019 1062 publicum
1048 981 1189 1062 prodire

234 1070 406 1134 audebant.
454 1069 536 1133 Cum
565 1069 665 1149 igitur
691 1069 733 1132 de
761 1070 950 1152 prophetiae
980 1069 1082 1132 huius
1114 1089 1189 1134 sen·

234 1160 337 1222 tentia
364 1165 397 1222 et
424 1178 490 1239 quo
517 1164 662 1239 tempore
696 1177 734 1221 ae
763 1157 926 1238 quomodo
956 1159 1096 1239 impleta
1129 1159 1187 1234 sit,

235 1254 321 1311 certo
347 1252 486 1323 constet,
521 1252 621 1310 restat
646 1252 685 1309 ut
712 1247 811 1311 verba
839 1245 1027 1326 diligentius
1059 1266 1188 1328 expen-

234 1335 359 1400 damus.

323 1424 400 1487 Post
413 1425 504 1498 haec,
527 1423 645 1502 inquit,
669 1423 805 1499 horest,
829 1430 1003 1504 postquam
1017 1423 1110 1487 filius
1129 1424 1188 1487 dei
1236 1487 1237 1492 ,

234 1511 377 1575 iustitiae
399 1511 510 1574 doctor
523 1512 742 1574 ministerium
758 1531 855 1574 suum
870 1512 1050 1588 absolverit,
1077 1513 1185 1592 quod,
1255 1573 1259 1584 ,

233 1607 271 1664 ut
298 1600 395 1682 paulo
429 1605 505 1662 ante
538 1599 753 1676 ostendimus,
781 1599 899 1664 habuit
926 1598 1049 1680 duplex
1078 1601 1187 1678 (Nam

233 1694 266 1752 et
287 1688 448 1752 iustitiam
470 1687 580 1750 docuit
602 1695 635 1750 et
657 1707 716 1750 sua
736 1693 842 1752 morte
870 1689 1014 1769 expiavit
1040 1696 1185 1770 peccata

232 1776 363 1856 mundi)
385 1783 456 1842 tum
479 1775 612 1839 demum
634 1776 697 1838 hoc
720 1796 849 1856 quoque
879 1777 1001 1839 fiett
963 1782 1001 1839 ut
1023 1778 1185 1842 mittetur

232 1865 365 1947 spiritus
393 1871 539 1941 sanctus,
575 1864 658 1926 sicut
685 1863 831 1927 Christus
859 1859 975 1927 dicit:
1011 1865 1085 1928 Nisi
1119 1887 1184 1969 ego

232 1955 374 2017 abiero
372 1974 439 2017 non
466 1954 574 2017 veniet
607 1951 649 2014 ad
676 1972 733 2016 vos
762 1955 950 2034 paracletus
997 1954 1155 2017 Petrus'
1144 1975 1184 2017 ιιι

231 2044 321 2127 Actis
345 2043 569 2146 complectitur
590 2032 697 2104 totum
720 2047 859 2121 tempus,
883 2061 958 2104 eum
981 2041 1078 2105 dicit:
1103 2043 1185 2106 Erit

231 2133 267 2193 in
290 2132 475 2201 novissimis
497 2130 620 2194 diebus
668 2129 812 2212 Respicit
838 2130 927 2207 enim
956 2129 998 2192 ad
1028 2131 1185 2196 abolitio·

232 2240 308 2283 nem
334 2219 415 2300 legis
443 2219 618 2294 Moesicae,
654 2238 711 2281 seu
741 2219 887 2280 cultuum
915 2219 1083 2322 legalium,
1118 2223 1182 2301 qui

230 2309 431 2370 haetenus
421 2328 457 2369 ιιι
491 2307 553 2368 hoc
586 2307 707 2387 populo
742 2307 935 2372 duraverant
921 2309 1063 2372 tannis
1099 2310 1184 2390 plus

231 2396 319 2458 mille
343 2401 376 2457 et
398 2394 593 2474 quingentis.

242 2509 246 2514 ·
324 2476 541 2546 'Effundendi
563 2483 698 2547 verbum
721 2489 806 2546 recte
829 2485 1001 2564 exponitur
1023 2485 1064 2548 de
1084 2486 1184 2566 larga

231 2573 340 2653 copia,
372 2571 460 2652 quod
488 2590 563 2634 cum
588 2571 745 2635 hactenus
767 2573 903 2636 verbum
934 2575 1114 2638 constiterit
1139 2576 1181 2637 in

230 2660 320 2724 brevi
346 2660 497 2724 Iudaicae
523 2666 626 2724 terrae
661 2661 793 2740 angula,
820 2681 887 2742 ,per
921 2662 1007 2742 quod
1036 2662 1180 2742 spiritus
1272 2711 1275 2744 a

230 2755 360 2813 sanctus
383 2749 535 2813 omnibus
558 2748 758 2831 temporibus
782 2755 967 2813 sanctorum
982 2750 1078 2813 corda
1101 2751 1178 2814 illu-

228 2839 368 2904 minavit
394 2846 435 2902 et
468 2838 668 2919 gubernavit.
719 2838 813 2901 Nunc
847 2859 904 2920 per
938 2839 1100 2920 apostolos
1136 2841 1177 2903 in

229 2929 382 2991 omnibus
410 2928 530 3008 linguis
558 2927 747 3006 evangelion
777 2926 1044 2990 annunciandum
1071 2929 1116 2991 sit
1140 2936 1178 2992 et
1273 2933 1275 3016 ξ

229 3018 361 3098 spiritus
390 3023 520 3079 sanctus
551 3015 650 3078 etiam
677 3016 827 3095 gentibus
858 3015 1037 3080 donandae.
1085 3017 1176 3080 Item
1273 3029 1275 3056 l

228 3103 317 3183 quod
339 3105 472 3184 spiritus
495 3109 625 3167 sanetus
647 3109 774 3184 praeter
797 3125 918 3168 novum
945 3105 1058 3167 lumen
1082 3107 1175 3184 quod
1273 3133 1275 3164 ι

228 3192 374 3257 infundit
396 3191 546 3255 cordibus
569 3193 668 3257 etiam
691 3193 918 3257 miraculorum
942 3193 1113 3274 splendore
1137 3198 1203 3257 se?
1274 3235 1275 3280 ζ

227 3280 424 3344 revelaturus
447 3281 499 3343 sit
544 3281 622 3344 Ett
608 3287 718 3344 tamen
741 3288 835 3344 recte
794 3282 1010 3346 tconfertur
1033 3282 1175 3347 verbum
1274 3347 1275 3352 ,

228 3368 417 3432 effundendi
440 3389 515 3433 cum
538 3390 576 3432 eo
591 3369 679 3449 quod
695 3389 793 3450 supra
812 3370 986 3452 appellavit
1001 3371 1170 3434 Christum

226 3457 339 3520 moreh
376 3459 559 3535 liredalrah‚
598 3458 687 3538 quod
724 3479 844 3522 nomen
882 3465 915 3522 et
952 3459 1153 3540 pluviame
1272 3451 1275 3542 ξ

227 3546 390 3611 doctorem
414 3548 583 3629 significat,
607 3553 644 3608 ut
667 3547 827 3626 intelligas
851 3548 1002 3628 spiritum
1018 3555 1149 3612 sanctur
1269 3549 1275 3608 l

316 3740 343 3809 1)
362 3740 437 3794 len:
458 3741 558 3796 Iohan.
578 3739 620 3790 16.
659 3737 686 3806 2)
706 3689 838 3794 Effundit
826 3743 873 3794 tur
892 3740 1012 3808 spiritus
1030 3740 1089 3794 dei.
