2584 4267
426 271 525 335 Joelie
548 273 732 354 prophetae.
984 275 1049 354 291

183 442 319 531 ,1Ροπο
363 448 449 513 hanc
493 449 862 517 excommunicationem
906 450 1051 530 legitime

120 536 212 619 'modo
232 538 273 599 ab
294 537 430 601 ecclesia
450 538 572 602 factam
602 558 678 605 eave
704 544 903 606 contemnas.
949 541 1052 607 effert

63 670 67 681 ·
122 626 202 692 enim
233 631 355 691 certam
388 627 583 691 sententiam
620 627 687 692 irae
725 627 795 706 dei,
833 633 868 692 et
905 633 1051 694 aeternae

121 713 348 792 damnationis,
365 715 449 779 sicut
463 715 608 780 Christus
623 716 717 781 dicit:
742 717 848 780 Amen
862 715 935 782 dico
949 717 1049 796 vobis,

123 803 267 884 quioquid
289 803 326 866 in
348 809 432 868 terra
458 805 647 884 ligaveritis,
676 805 775 870 etiam
803 805 840 869 in
866 806 963 872 coelis
992 805 1052 870 erit

122 893 256 972 h'gatum.
295 892 400 958 Tanto
421 899 532 956 autern
553 893 734 958 execranda
755 894 859 974 magis
877 900 932 958 eet
945 895 1050 978 Papae

123 981 271 1060 tyrannis,
308 982 366 1061 qui
394 982 725 1046 excommunicatione
752 1002 830 1046 neue
859 988 922 1060 est,
952 984 1051 1048 etiem

123 1075 242 1151 propter
264 1070 420 1152 pecuniae
442 1070 553 1134 debite
574 1071 617 1134 ad
638 1077 763 1134 certum
785 1070 874 1134 diem
904 1092 971 1138 non
993 1093 1049 1134 nu·

124 1164 242 1235 morata,
271 1158 339 1221 imo
361 1159 461 1220 etiam
482 1166 612 1241 propter
632 1179 709 1224 auae
737 1159 926 1224 traditiones
948 1161 1050 1241 negle-

124 1253 192 1323 ctae,
208 1247 236 1310 ei
250 1247 323 1327 quia
339 1267 407 1310 non
421 1248 605 1325 ieiunasset,
622 1268 690 1313 non
708 1248 875 1312 confessus
891 1254 975 1312 esset
987 1255 1048 1326 eto.

123 1335 220 1398 Hodie
241 1341 352 1400 autern
375 1336 478 1402 utitur
499 1336 832 1415 excommunicatione
855 1343 966 1404 eontra
981 1359 1049 1413 noe,

123 1424 175 1503 qui
198 1443 313 1503 sanam
346 1424 528 1490 doctrinam
561 1427 758 1507 profitemur.
811 1425 874 1489 Sed
907 1427 1051 1508 primum

64 1555 68 1565 .
121 1513 294 1577 ‚consolatur
315 1533 375 1579 noe
395 1514 559 1579 Christus:
589 1514 690 1592 Beati,
714 1514 830 1595 inquit,
860 1535 934 1578 cum
956 1517 1051 1580 melc-

123 1599 254 1668 dixerint
279 1601 372 1666 vobis
399 1603 557 1667 homines.
603 1604 703 1680 Item,
733 1603 864 1668 eiicient
891 1623 933 1668 ex
957 1624 1050 1685 eyna-

123 1688 202 1770 gogie
224 1710 296 1768 voe,
325 1690 464 1768 deinde,
496 1699 620 1757 oenum
646 1692 810 1770 esthanc
834 1692 1051 1758 exeommuni-

124 1779 273 1844 tationem
302 1780 503 1860 pontificiam
533 1801 600 1845 non
621 1801 691 1844 esee
718 1779 858 1857 ¹Christi,
885 1779 1052 1860 ,siqnidem

122 1866 160 1928 ad
179 1867 296 1932 Christi
318 1869 551 1951 praescriptum
572 1891 639 1934 non
661 1869 709 1934 fit.
751 1869 826 1936 Non
847 1868 946 1949 igitur
968 1871 1053 1936 velet
1157 1932 1159 1936 .

122 1953 154 2018 in
171 1957 292 2034 -eoelie,
327 1958 451 2022 auctori
484 1964 593 2022 antem
626 1956 774 2024 abutenti
806 1957 869 2022 hoo
902 1958 1052 2024 ecelesiae

122 2044 279 2122 mandato,
308 2053 434 2110 >certum
461 2048 572 2111 afferet
593 2047 739 2111 exitium.
786 2046 846 2112 nst
871 2046 960 2111 enim
982 2067 1051 2130 pec·

123 2135 458 2199 catrm‘coniunetum
486 2156 561 2198 eum
589 2134 793 2216 blasphemia
820 2136 963 2201 nominis
989 2136 1052 2206 dei..

206 2217 314 2308 'Siout
337 2231 451 2306 autem
479 2225 560 2288 haec
587 2224 737 2288 ecclesiae
766 2230 900 2288 externa
927 2231 960 2289 et
981 2226 1052 2290 viei-

124 2310 188 2375 tilis
215 2313 505 2394 excommunicatio
534 2312 675 2394 pertinet
707 2311 749 2376 ad
783 2314 906 2380 notorie
934 2314 1052 2380 facino·

123 2419 210 2478 rores,
233 2407 266 2464 et
288 2402 449 2465 convictos
471 2401 513 2464 de
528 2401 694 2465 scandalo:
719 2401 771 2464 ita
785 2408 834 2466 eet
849 2403 916 2482 alia,
928 2403 1053 2469 occirlta

124 2494 153 2550 et
180 2489 348 2555 invisibilis
376 2490 666 2555 exeommunicatio
689 2511 757 2555 non
778 2491 965 2570 hominum,
996 2492 1053 2556 sed

126 2576 217 2658 ipsine
244 2579 314 2656 dei,
346 2578 426 2644 dene
447 2579 537 2645 enim
558 2600 635 2657 non,
664 2585 787 2644 utnon
815 2581 981 2660 homines,
1010 2601 1054 2659 ex

128 2667 265 2747 operibns
287 2674 417 2733 tanturn
435 2668 595 2733 iudicium
617 2668 711 2746 facit,
742 2668 800 2732 sed
829 2669 976 2733 animum
1006 2669 1052 2736 in·

129 2755 218 2836 spicit,
241 2762 275 2821 et
295 2756 480 2838 hypociitae
501 2757 633 2834 iudicat,
657 2775 738 2836 quoe
761 2757 894 2822 eeclesia
912 2757 1053 2824 iudicare

128 2862 185 2906 non
218 2850 341 2927 potent,
386 2846 568 2927 seeundum
606 2845 774 2926 uulgatum
816 2844 958 2911 dictum:
1005 2846 1052 2908 De

129 2932 246 2996 occultis
267 2954 343 2996 'non
369 2934 492 2998 iudicat
516 2935 662 3007 ecclesia.
683 2973 685 2976 ·
706 2933 781 3002 Non
808 2940 918 3002 autem
941 2954 1052 3010 omnes

128 3020 251 3098 publicis
279 3022 440 3103 scandalis
474 3044 508 3086 ee
537 3024 696 3106 polluunt.
743 3023 814 3090 Etsi
842 3023 930 3101 enim
958 3023 1054 3098 multi

129 3110 218 3186 avari,
247 3111 471 3191 fornicatores,
509 3112 646 3177 adulteri
681 3117 785 3189 eunt,
804 3118 916 3188 tamen
940 3118 1054 3193 tegunt

128 3206 260 3276 peecata,
284 3207 319 3264 et
339 3201 433 3280 quasi
455 3202 580 3264 cantius
602 3206 753 3282 peccant,
782 3221 844 3267 nec
861 3202 1013 3267 convinci
1034 3223 1054 3266 a

128 3303 280 3368 quoquam
308 3296 453 3370 possunt.
499 3291 677 3356 Versantur
710 3290 808 3370 igitru
840 3291 895 3371 in«
910 3292 1051 3367 eeclesia,

172 3374 253 3441 liunt
273 3379 460 3456 concionee,
484 3384 619 3446 utuntur
633 3379 922 3462 'sacramentiefflt
944 3387 1053 3445 tamen

170 3470 196 3527 rt
226 3464 265 3529 de
299 3467 386 3530 facto
419 3467 744 3533 excommunicatia
778 3467 853 3546 deo,
893 3469 1053 3549 siquidem

178 3606 330 3618 ..ι-

209 3676 234 3743 1)
253 3677 521 3747 Excommunicatio
542 3693 603 3732 non
625 3649 862 3734 contemnendas
888 3676 916 3744 2)
935 3677 1052 3730 Extern-

175 3745 275 3802 nicatio
291 3748 449 3817 invisibilis
467 3748 523 3822 dei.
563 3814 565 3817 ι
1015 3770 1017 3772 ·

842 3835 891 3889 19·
1031 3799 1032 3802 Ὺ
