2584 4267
469 275 569 336 Amos
591 273 776 355 prophetae.
1027 273 1092 338 465

465 451 526 514 Pro
550 450 778 526 calciamentis,

150 559 273 624 idest:
300 555 472 622 vilissimos
496 576 549 620 eos
573 555 701 623 ducitis.

520 714 728 796 Quisquilias.

244 824 317 887 Hoc
339 827 492 904 quartum
522 827 571 886 est
593 821 711 886 vitium
733 823 821 903 quod
848 828 947 898 taxat,
977 841 1095 906 nempe

154 912 244 994 quod
258 910 405 976 vendunt
419 911 601 993 peripsema
612 916 645 974 et
660 917 881 993 purgamenta,
906 912 972 975 sive
987 911 1095 992 paleas

49 1008 54 1017 '
156 1022 194 1064 ac
223 1002 389 1082 pulverem
423 1000 521 1063 tritici
554 1019 612 1082 pro
641 1000 728 1063 bono
758 999 879 1077 tritico,
914 1000 1002 1080 quod
1029 1019 1095 1063 non

49 1114 54 1123 ·
155 1089 303 1154 vendunt
325 1094 462 1171 purgata
483 1089 646 1151 frumenta
668 1088 878 1172 pauperibus,
908 1088 965 1151 sed
992 1088 1097 1151 mixta

155 1177 342 1260 pulveribus
366 1183 399 1242 et
420 1176 656 1260 purgamentis,
685 1183 723 1240 ut
751 1178 810 1240 fiat
835 1176 940 1239 maius
970 1177 1094 1240 foenus.

155 1266 197 1329 Id
230 1265 319 1347 quod
353 1273 386 1330 et
418 1267 520 1330 nostri
553 1271 744 1329 mercatores
778 1266 882 1328 facere
917 1267 1029 1342 solent,
1065 1270 1097 1328 et

155 1375 268 1419 omnes
298 1355 355 1435 qui
384 1375 433 1418 res
461 1355 590 1419 venales
623 1354 755 1418 habent.
801 1354 967 1434 Insignem
1000 1350 1092 1419 vero¹

154 1444 324 1508 avaritiam
346 1443 539 1525 pontificum
569 1443 701 1521 taxat,†
730 1441 861 1524 quando
890 1442 1013 1523 inquit,
1042 1463 1097 1507 eos

154 1533 290 1612 indigne
313 1533 395 1594 ferre
417 1532 660 1614 mensem‚,hoc
683 1538 733 1594 est
754 1530 973 1605 novilunium3
997 1526 1092 1595 nam'

48 1696 54 1713 ⁴
146 1621 210 1684 'hic
233 1621 302 1684 dies
318 1640 406 1684 sacer
429 1627 505 1697 erat,
529 1621 565 1683 in
581 1640 647 1700 quo
663 1620 871 1684 feriabantur.
917 1621 989 1684 Hoc
1011 1620 1096 1685 novi·

153 1703 286 1773 lunium¹
314 1709 448 1789 indigne
482 1709 594 1772 tulisse
628 1708 708 1772 dicit
732 1709 938 1786 sacerdotes,
980 1729 1097 1793 nempe

153 1798 244 1880 quod
274 1818 340 1861 non
368 1797 494 1862 licuerit
523 1798 569 1860 eie
597 1803 669 1860 tum
695 1797 852 1878 negotiari
878 1802 911 1860 et
937 1816 1095 1878 pauperes

153 1887 302 1969 pecuniis
325 1886 480 1950 insidiari.
527 1886 634 1967 Atque
656 1887 703 1949 ita
717 1886 794 1966 quia
816 1885 939 1967 aliquid
962 1886 1095 1951 decebat

153 1995 266 2038 eorum
288 1976 408 2057 impiae
431 1975 592 2052 avaritiae,
615 1975 701 2040 male
715 1975 856 2039 habebat
870 1994 924 2038 eos
940 1975 1094 2039 festorum

51 2130 54 2139 ,
153 2069 188 2130 θῖ
211 2064 441 2128 sabbathorum
463 2064 644 2129 celebratio.

491 2225 531 2288 In
555 2224 750 2307 superbiam,

151 2331 274 2395 idest:
299 2338 418 2395 contra.

383 2473 426 2537 Εῖ
449 2472 600 2536 ascendet
623 2473 716 2553 quasi
738 2472 865 2537 fluvius.

245 2545 369 2642 lterum
391 2579 476 2642 male
499 2578 692 2642 translatum
719 2579 827 2641 estin
848 2580 965 2643 nostris
987 2580 1097 2644 latinis

153 2667 276 2732 bibliis.
323 2667 374 2730 Sic
398 2674 506 2731 autem
541 2667 647 2730 estin
670 2667 834 2729 Hebraeo:
870 2668 913 2728 at
946 2667 1097 2731 ascendet

154 2757 243 2820 sicut
264 2757 382 2821 fluvius
406 2755 641 2820 consummatio
662 2755 739 2830 eius,
764 2761 797 2817 et
811 2754 956 2817 eiicietur
970 2762 1003 2818 et
1024 2775 1095 2838 epo-

48 2914 53 2923 ,
153 2845 279 2910 tabitur
302 2844 386 2910 sicut
407 2845 526 2910 fluvius
548 2844 698 2926 Aegypti.
745 2842 948 2906 Vocabulum
967 2844 1095 2909 hebrae
1137 2905 1139 2908 ,

153 2926 233 2996 um⁸
266 2953 383 3015 anceps
414 2940 476 3010 est,
512 2953 589 2995 nam
619 2932 779 3013 significat
811 2937 844 2994 et
877 2926 1032 2996 fluvium⁴
1064 2940 1098 2997 et

152 3025 271 3084 lucem.
318 3023 432 3102 Itaque
454 3023 613 3085 incertum
642 3027 705 3098 est,
734 3026 844 3083 utrum
872 3019 950 3083 velit
979 3021 1104 3101 signifi,

155 3129 240 3174 care.
288 3110 348 3174 Est
371 3117 479 3174 autem
502 3110 671 3186 sententia,
696 3131 727 3190 q.
751 3110 782 3172 d.
818 3109 908 3172 Sicut
929 3111 1098 3194 repentina

154 3199 267 3279 aliqua
290 3200 338 3262 vis
361 3200 467 3262 nimbi
488 3199 612 3275 incidit,
636 3199 684 3261 ita
698 3198 932 3261 consummatio
947 3205 979 3262 et
1005 3200 1095 3264 deva·

248 3374 275 3440 1)
294 3373 434 3429 Additur:
460 3379 493 3429 ut
518 3374 587 3428 dixi.
625 3374 652 3437 2)
677 3373 770 3426 deest:
795 3389 864 3426 nam
884 3403 916 3411 -
936 3373 1096 3428 celebratio.

180 3444 289 3510 egItur:
312 3445 389 3512 quod
408 3461 468 3499 non
486 3446 584 3499 liceret
602 3445 644 3499 eis
656 3448 719 3497 tum
731 3442 877 3513 negotiari,
897 3447 927 3497 et
938 3459 1097 3512 pauperum

179 3515 289 3569 ecuniis
309 3515 449 3569 insidiari.
485 3516 514 3585 3)
533 3516 653 3572 Aditur:
671 3517 724 3568 'aa
744 3514 780 3567 In
799 3515 918 3569 collectt.
932 3515 1096 3584 latinelegi-

47 3601 54 3661 j
167 3600 216 3640 ur:
236 3588 345 3648 Leonti
380 3585 408 3655 4)
428 3587 555 3642 flumina.

247 3743 270 3813 t)
288 3744 449 3800 Avaritiam
466 3746 636 3815 pontificum
654 3748 743 3800 taxat.
781 3746 818 3814 ††)
836 3746 917 3802 leot.

198 3843 286 3883 Lutheri
300 3853 348 3892 opp.
364 3845 449 3894 exeget.
475 3843 523 3884 Vol.
537 3843 602 3886 XXV.
899 3833 937 3888 30
1045 3859 1052 3868 ·
