2584 4267
148 319 152 330 ·
256 296 321 358 240
380 310 383 317 ’
486 340 490 348 -
590 295 696 376 Caput
718 296 849 360 tertium

253 479 363 535 tamen
396 472 452 534 1111
484 471 631 536 definitio
665 473 755 536 verbi
789 477 846 535 est.
907 472 975 534 Lex
1012 473 1112 535 etiam
1146 479 1195 536 est

253 562 388 624 verbum
410 559 473 637 dei,
498 560 555 624 sed
577 581 732 642 peream,
756 561 837 623 dicit
851 561 972 626 Paulus
984 561 1021 623 in
1036 557 1186 638 Gatatis,¹

253 649 404 731 spiritum
427 657 577 714 sanctum
599 669 667 714 non
682 650 761 726 dari,
786 649 843 712 sed
865 651 1077 730 perverbum
1100 669 1190 713 evan-

253 738 336 817 gelii.
372 737 461 800 -Ideo
494 739 575 803 dicit
601 733 751 802 Esaias²z
772 739 894 812 onam
923 739 1060 820 speciosi
1094 739 1192 819 pedes

253 825 541 906 evangelizantium
575 829 712 910 pacem?
769 827 852 889 Vero
886 827 974 890 enim
997 827 1191 890 ministerio

252 916 416 991 ecelesiae,
451 915 535 978 nihil
568 915 719 993 1111111111,
761 915 844 978 nihil
878 915 1068 997 preciosius,
1105 915 1189 996 quod

252 1004 346 1066 affert
378 998 529 1084 spiritum
562 1011 726 1082 sanctum,
762 1004 820 1084 qui
853 1003 952 1067 fidem
980 1010 1013 1066 11
1041 1005 1189 1068 notitiam

251 1091 305 1154 dei
327 1092 483 1168 accendit,
507 1093 681 1156 mortificat
702 1099 881 1174 peceatum,
905 1099 938 1157 et
957 1095 1142 1157 consolatur
1156 1093 1188 1155 in

153 1245 158 1256 ,
250 1181 411 1262 periculis.
458 1182 518 1244 Est
539 1182 628 1244 enim
651 1182 735 1244 sieut
758 1182 881 1264 pluvia,
912 1200 994 1262 quae
1018 1201 1189 1262 nunquam

205 1267 209 1275 '
251 1269 338 1333 cadit
352 1270 388 1330 in
399 1269 527 1332 aridum
541 1270 659 1346 locum,
676 1271 756 1350 quin
772 1277 925 1350 sequatur
935 1275 1040 1334 certus
1055 1271 1188 1338 fructus..

251 1357 285 1418 Si
307 1358 406 1436 igitur
427 1359 551 1420 denum
574 1359 715 1439 spiritus·
730 1361 835 1422 sancti
858 1361 1011 1439 consequi
1034 1365 1140 1440 optas,
1163 1359 1188 1421 si

251 1452 344 1525 optas
367 1447 510 1508 familiae
532 1454 565 1510 et
586 1448 762 1510 liberorum
783 1454 903 1511 certam
918 1448 1186 1522 emendationem,

251 1534 335 1596 hanc
358 1535 445 1597 viam
467 1535 589 1626 insiste.
635 1537 724 1598 Audi
744 1537 879 1601 verbum
895 1537 1045 1612 studiose,
1061 1535 1189 1599 adhibe

251 1629 326 1684 tuae
348 1623 425 1684 fidei
440 1623 577 1686 creditne
600 1623 642 1686 ad
662 1626 806 1689 verbum.
846 1625 939 1688 Solus
954 1626 1044 1688 enim
1058 1625 1190 1707 spiritus

252 1716 381 1774 sanctus
404 1719 454 1776 est
476 1712 533 1792 qui
556 1712 653 1776 corda
674 1721 805 1795 peccato
827 1715 945 1778 viciata
966 1720 1070 1790 sanat,
1102 1718 1189 1776 sanat

251 1807 360 1863 autem
393 1821 451 1882 por
483 1801 619 1865 verbum
642 1803 823 1883 evangelii,
860 1804 895 1866 111
930 1823 994 1883 quo
1025 1803 1189 1882 arguimur

251 1891 382 1969 peccati,
398 1891 542 1953 iustitiae
557 1896 590 1953 et
604 1889 726 1954 iudicii.
755 1893 927 1956 Peccatum
948 1909 1022 1954 cum
1038 1891 1187 1954 audimus

250 1977 288 2040 in
309 1979 403 2041 nobis
419 1997 511 2055 esse,
540 1980 777 2043 consternimur
803 1981 935 2056 animis,
965 1987 997 2043 et
1022 1998 1186 2062 pavemus,

250 2067 375 2130 institia
396 2075 506 2130 autem
528 2068 589 2130 fflii
615 2068 669 2132 dei
691 2089 750 2133 nos
773 2075 884 2133 eontra
905 2074 1075 2150 peecatum
1100 2067 1186 2148 erigi·

250 2172 334 2232 mus,
358 2161 391 2218 11
413 2159 733 2221 certamretinemus
752 2159 864 2221 salutis
880 2177 974 2239 spem
986 2158 1023 2220 in
1037 2157 1186 2224 omnibus
1212 2179 1214 2183 ·

249 2244 409 2324 periculis
438 2245 564 2309 Scimus
578 2247 667 2308 enim
682 2246 863 2329 principem
879 2246 996 2309 mundi
1009 2246 1187 2309 iudicatum
1263 2259 1266 2291 ²

250 2334 436 2408 strictum,
461 2335 523 2413 qui
541 2353 655 2397 nocere
677 2335 817 2416 amplius
841 2355 921 2399 non
930 2340 1037 2416 potest
1056 2335 1111 2398 his
1134 2333 1187 2413 qui

250 2421 358 2482 sunt
346 2435 384 2482 111
403 2421 531 2484 Christo
545 2423 633 2498 Jesu,
659 2424 730 2486 etsi
741 2429 865 2487 tentare
887 2430 921 2538 et
941 2424 1114 2486 molestare
1137 2439 1188 2484 ees
1263 2437 1266 2538 Ξ

249 2509 360 2588 possit,
385 2515 418 2572 et
440 2510 550 2572 crebro
573 2511 681 2576 soleat.

343 2591 456 2661 ³Porro
471 2617 548 2660 cum
562 2599 603 2662 do
618 2603 715 2665 verbo
732 2601 888 2682 evangelii
899 2600 1072 2681 loquimur,
1093 2601 1187 2664 etiam
1264 2597 1266 2686 1

250 2693 450 2750 sacramenta
483 2689 689 2752 includimus.
736 2690 869 2753 Habent
903 2691 991 2752 enim
1025 2708 1187 2752 annexam
1264 2687 1266 2766 Ξ

248 2777 494 2856 promissionem
516 2777 647 2858 spiritus
671 2780 782 2854 sancti,
808 2785 840 2841 et
860 2778 1058 2842 remissionis
1080 2795 1186 2860 pecca·
1264 2767 1266 2844 1

248 2869 364 2928 torum.
422 2866 499 2928 Ideo
537 2866 651 2928 Petrus
689 2886 763 2928 curn
804 2869 1065 2949 interrogaretur,
1110 2863 1187 2946 quid
1259 2891 1266 2976 Ξ

248 2953 434 3016 faciendum
461 2959 559 3030 esset,
594 2954 781 3036 respondet:
816 2957 911 3036 Agite
942 2951 1185 3038 poenitentiam,
1264 2987 1266 2996 ι

248 3048 281 3104 et
314 3042 493 3123 baptizetur
525 3044 750 3123 unusquisque
780 3045 817 3106 in
845 3045 975 3108 nomine
1004 3045 1093 3108 Jesu.
1148 3043 1189 3104 Et

249 3125 525 3193 Christusdieitf
563 3132 633 3194 Nisi
649 3133 722 3211 quis
737 3138 869 3196 renatus
883 3133 1053 3214 fueritper
1067 3150 1187 3212 aquam
1263 3119 1266 3216 J

248 3224 280 3278 11
314 3219 473 3298 spiritum,
509 3239 576 3282 non
598 3222 718 3285 ¹veniet
751 3222 786 3283 in
814 3239 950 3301 regnum
977 3221 1039 3284 dei.
1099 3221 1189 3282 Haec
1262 3229 1266 3286 t

247 3307 420 3370 manifesta
442 3310 603 3372 sententia
623 3316 687 3386 est,
712 3310 863 3390 spiritum
884 3315 1032 3389 sanctum
1051 3329 1111 3391 per
1134 3309 1187 3370 ba·
1264 3299 1266 3388 1

247 3394 405 3475 ptismum
421 3398 502 3460 velle
518 3399 682 3460 efficacem
694 3418 762 3462 1111
777 3399 813 3460 in
825 3398 951 3475 animis,
977 3399 1061 3462 sicut
1075 3398 1161 3482 Petri
1263 3391 1266 3478 j

248 3502 374 3563 quoque
397 3484 485 3563 dicit,
516 3493 549 3551 et
576 3487 737 3568 accipietis
766 3487 889 3550 donum
917 3487 1048 3569 spiritus
1073 3489 1157 3549 sanct
1265 3527 1266 3530 ,

248 3624 462 3636 ——n—————
471 3626 474 3635 1

336 3695 363 3764 1)
391 3697 468 3750 1²1¹*
497 3696 603 3749 (1113·
659 3695 949 3764 2111111111.
1004 3693 1033 3764 1)
1062 3691 1157 3760 spirit

247 3772 363 3820 sanetus
382 3767 466 3821 datur
484 3783 536 3834 per
554 3772 739 3822 sacramenta.
778 3767 806 3834 4)
826 3769 899 3822 Ien:
919 3768 1020 3824 Iohan.
1039 3765 1064 3818 3.
