2584 4267
877 288 884 298 “
932 274 1132 336 Amos
1177 274 1546 357 prophetae.
2050 277 2181 344 439

296 452 493 532 impii
553 448 824 525 faciunt,
895 449 1208 531 quicquid
1273 450 1655 527 instituunt,
1728 471 1859 532 quo
1926 471 1994 516 se
2062 453 2183 518 deo

300 540 553 624 placere
625 543 860 640 putant
924 539 1124 602 etiam
1199 539 1405 604 secuti
1481 558 1681 622 opera
1754 538 1941 622 legis,
2024 540 2184 606 dum

300 652 413 692 cor
481 628 762 712 impium
827 632 928 691 est
992 633 1058 690 et
1120 626 1260 692 sine
1328 627 1475 692 fide.
1588 629 1734 692 Hoc
1799 635 1929 707 est,
2008 631 2184 713 quod

300 720 601 780 Proverb.
649 716 829 780 XXI.
864 715 1144 781 dicitur·
1131 767 1145 780 .
1202 717 1473 781 Hostiae
1531 716 1885 800 impiorum
1942 719 2181 784 abomi-

304 808 597 884 nabiles-{-
629 812 744 868 ιιι.
835 805 922 869 Ει
971 807 1028 869 1.
1060 805 1313 886 Regum
1342 802 1488 870 XV.
1492 805 1607 886 ††:
1656 806 1882 871 Melior
1911 813 2011 872 est
2040 809 2180 872 obe-

300 896 529 956 dienta
573 914 773 976 quam
815 893 1098 958 victima.
1190 895 1278 958 Et
1329 894 1386 958 si
1430 894 1556 959 ista
1620 900 1759 959 tam
1824 903 2046 960 sancta
2110 898 2183 962 in

300 1004 381 1064 sp
389 984 589 1044 eciem
653 977 1098 1060 Iudaeorum,1
1175 983 1292 1064 qui
1358 983 1638 1066 populus
1706 983 1813 1047 dei
1880 991 2063 1049 erant
2117 992 2183 1050 et

302 1072 577 1136 verbum
625 1072 728 1132 dei
770 1070 1126 1148 habebant,
1190 1065 1421 1154 opera*
1476 1077 1658 1136 extra
1700 1072 1900 1136 fidem
1944 1073 2183 1138 factam

300 1160 728 1236 damnantur
801 1160 960 1240 quid
1022 1166 1119 1224 est
1177 1159 1355 1241 quod
1408 1159 1599 1242 impii
1642 1161 1846 1224 nostri
1890 1162 2180 1244 papistae

304 1248 521 1312 stultis
569 1254 633 1312 et
677 1247 928 1329 frigidis
975 1249 1108 1313 suis
1166 1248 1479 1332 operibus·
1513 1248 1676 1313 >adeo
1720 1248 2132 1316 insolescunt.
2146 1246 2171 1284 ³

717 1407 992 1473 Odorem
1037 1414 1339 1474 coetuum
1382 1415 1758 1474 vestrorum.

481 1516 693 1576 Moses
735 1509 897 1578 h00⁴=
961 1515 1231 1581 verbum
1272 1515 1582 1582 'omnibus
1627 1515 1953 1580 sacrificiis
1998 1515 2183 1581 addit

300 1604 437 1664 fore
477 1604 731 1684 piorum
761 1603 1196 1685 saorifioiaffi
1225 1605 1487 1668 odorem
1518 1616 1760 1668 suaven
1790 1604 2073 1681 dominc,
2107 1611 2181 1668 ut

300 1700 397 1756 est
441 1712 697 1756 eernere
742 1689 1044 1772 ubique*
1139 1694 1269 1756 Hic
1313 1713 1462 1757 vero
1490 1693 1843 1775 impiorum
1873 1693 2181 1756 sacrificia

300 1780 493 1860 plane
525 1780 812 1857 damnat,
861 1786 926 1844 et
963 1780 1139 1859 dicit,
1187 1802 1321 1846 non
1351 1787 1765 1863 accepturum
1794 1800 1864 1844 se
1895 1779 2175 1858 odorem,

300 1872 425 1932 Ιιιιιι
473 1876 589 1944 est
641 1868 900 1948 quando
947 1869 1373 1934 conveneritis
1410 1869 1844 1946 sacrificaturi,
1893 1889 2026 1934 non
2070 1870 2175 1932 ha

300 1960 465 2020 bebo
497 1956 779 2034 odorem,
812 1977 946 2022 non
976 1961 1323 2045 acceptabo
1364 1958 1677 2045 sacrificia
1697 1963 1925 2035 vestra,
1974 1959 2179 2023 foetor

300 2044 465 2108 mihi
513 2052 701 2108 Ειιιιιι
744 2051 863 2110 etc.

1011 2186 1471 2269 Mincha.††††

489 2288 896 2358 *Oblationes
912 2345 926 2372 ‚
991 2288 1373 2379 incifobffet,⁶
1440 2289 1651 2375 quod⁷
1707 2314 1959 2378 semper
2002 2295 2175 2360 holo-

300 2384 717 2444 caustomatis
761 2384 1104 2449 addebant.

481 2556 533 2624 *ξι
573 2560 645 2612 ad
681 2558 931 2626 Philipp.
955 2557 1186 2627 ultimo·

485 2716 537 2784 1]
577 2716 852 2772 Additur:
890 2731 1080 2784 opera.
1152 2715 1211 2784 2)
1249 2717 1437 2772 deest:
1475 2733 1650 2785 opera
1687 2745 1753 2755 —
1780 2717 2006 2771 factam.
2079 2718 2178 2772 Le-

300 2788 477 2852 girus:
529 2788 653 2844 sins
705 2787 816 2841 fide
851 2788 1003 2842 facta
1038 2787 1391 2843 damnantur
1426 2802 1553 2858 sqq.
1624 2786 1683 2856 3)
1733 2786 2010 2842 Additur:
2065 2788 2179 2842 Sed

304 2860 537 2912 notabis
573 2860 681 2912 hot:
717 2859 838 2914 loco
871 2859 1217 2943 prophetam
1250 2873 1371 2912 non
1422 2857 1497 2911 ad
1542 2861 1907 2926 praesentem
1948 2861 2180 2912 tantum

304 2932 585 2996 populum
637 2936 697 2984 et
748 2930 967 2983 cultum
1025 2928 1331 2998 respicere,
1384 2929 1490 2984 sed
1540 2929 1606 2982 in
1658 2931 1847 2982 totum
1898 2928 1975 2982 ad
2023 2928 2179 2984 abro-

300 3000 593 3068 gationem
629 3000 772 3068 legis
809 3003 869 3055 et
902 3000 1106 3055 cultus.
1182 3000 1381 3055 Solent
1402 3000 1561 3054 enim
1582 2999 1667 3054 ita
1687 2998 1936 3054 transire
1958 2999 2023 3053 in
2058 2999 2180 3054 suis

304 3072 677 3124 concionibus
713 3071 786 3125 ad
822 3071 1266 3139 promissionem
1314 3070 1614 3139 evangelii,
1659 3073 1720 3124 et
1754 3069 2181 3136 abrogationem

304 3144 629 3208 praesentis
669 3143 854 3196 uultus
888 3146 949 3195 et
991 3139 1357 3208 regnissffl-t·
1438 3141 1497 3210 4)
1550 3142 1745 3196 Moses
1798 3141 2040 3197 verbum
2092 3141 2183 3192 m

308 3212 376 3264 Ιιι
417 3212 541 3268 ool]
569 3212 721 3264 Iena
758 3212 968 3266 Reach.
1041 3212 1256 3267 Vuitta
1295 3213 1463 3266 Riah.
1468 3213 1698 3277 ††††††
1770 3211 1827 3280 5)
1865 3211 2182 3268 Praemitti-

304 3288 425 3340 tur:
457 3286 605 3336 ἾΠἎὩ
665 3284 737 3336 In
755 3282 1186 3339 collectionibus
1212 3283 1452 3338 Mincha
1467 3283 1647 3338 latine
1664 3282 1888 3350 legitur.
1934 3282 1991 3352 6)
2020 3283 2183 3338 deest

304 3356 629 3420 germanius,
669 3355 869 3424 versio.
944 3353 1000 3422 7)
1037 3369 1198 3423 quas.

485 3516 541 3584 †]
593 3515 834 3570 Hostiae
885 3514 1197 3582 impiorum
1250 3512 1683 3569 abominabiles.
1772 3513 2039 3594 Proverb.
2094 3512 2181 3566 21.

328 3588 401 3656 ι)
445 3588 493 3640 1
537 3588 669 3652 fleg
713 3585 794 3641 15.
866 3585 1004 3654 †††)
1041 3585 1330 3640 Sacrificia
1372 3585 1632 3654 priorum
1675 3583 1815 3639 odor
1860 3582 2055 3638 suavis
2092 3583 2183 3638 do-

312 3660 477 3712 mino.
557 3656 728 3724 ιιι-ι’)
753 3656 1006 3711 Mincha.
1080 3655 1292 3724 †††††)
1326 3657 1539 3724 Legem
1562 3669 1787 3725 quoque
1811 3653 2185 3710 absolendam

312 3728 605 3796 significat.
681 3727 928 3795 ††††††)
954 3726 1174 3783 Reach.
