2584 4267
213 257 278 320 410
549 255 655 338 Caput
676 257 809 320 tertium

211 431 289 512 quia
322 431 422 514 impie
456 451 548 513 agere
582 433 733 514 pergitis,
768 432 956 516 capiemini;
997 432 1158 498 iudicium

212 541 426 690 dddiiiurion
463 522 608 604 poteritis
646 522 795 602 effugere.
855 521 950 588 Idem
984 528 1034 586 est
1067 523 1159 603 quod

417 752 573 834 Nunquid
596 752 757 816 auferetur
778 746 944 834 laqueus.¹

300 859 520 922 Intentionem
536 859 670 940 aucupis
685 857 816 940 respicit
832 878 899 921 non
913 877 996 940 opus
1011 852 1152 940 ipsum,²

212 946 282 1010 falli
304 946 393 1010 enim
415 953 522 1028 potest
543 966 662 1028 auceps
684 952 722 1010 ut
744 947 828 1010 nihil
850 947 966 1028 capiat,
991 966 1030 1009 ea
1044 953 1158 1010 tamen

211 1035 390 1099 intentione
414 1056 516 1118 eoque
539 1036 649 1098 animo
671 1029 780 1099 rethe³
807 1055 906 1099 suum
932 1035 1091 1117 expandit
1117 1043 1159 1100 ut

213 1124 328 1204 capiat.
382 1125 446 1200 Ita,
478 1124 585 1206 inquit
612 1123 779 1201 dominus,
815 1144 882 1187 non
910 1124 1030 1188 frustra
1062 1125 1158 1189 vobis

212 1213 345 1276 minitor
367 1213 500 1290 malum,
524 1213 652 1296 capiam
667 1233 723 1278 vos
738 1233 797 1294 per
812 1232 921 1294 regem
936 1213 1155 1294 Assyriorum.

433 1371 467 1434 si
490 1373 616 1451 clanget
638 1372 718 1435 tuba
740 1371 776 1434 in
799 1373 937 1437 civitate.

301 1477 424 1540 Clarius
451 1485 513 1554 est,
550 1478 578 1540 si
606 1479 653 1541 sio
681 1484 800 1542 vertas:
836 1478 993 1559 Nunquid
1028 1480 1158 1560 clanget

210 1565 307 1642 tuba,
332 1585 409 1629 nam
431 1566 552 1630 latinus
574 1567 732 1649 interpres
755 1568 950 1631 sententiam
972 1567 1159 1631 obscuravit

211 1654 342 1734 quando
380 1654 636 1720 conditionaliter
673 1656 777 1720 vertit.
834 1656 953 1719 Omnia
989 1662 1067 1720 sunt
1110 1656 1156 1720 ad

211 1743 484 1825 praedicationem
506 1744 683 1826 prophetae
713 1743 881 1808 referenda
907 1764 974 1827 qua
1000 1745 1157 1809 admonet

211 1852 265 1898 eos
300 1832 426 1896 futurae
460 1833 656 1914 captivitatis
693 1833 758 1896 nisi
795 1833 1000 1915 resipiscant,
1040 1855 1071 1914 q.
1102 1833 1152 1896 d.:

212 1920 386 2002 Olangente
416 1921 516 2001 tuba†
544 1928 601 1986 aut
629 1921 732 1986 hostis
761 1921 853 1985 adest
879 1929 936 1986 aut
964 1922 1155 1986 incendium

211 2009 311 2087 urbis,
334 2030 402 2074 non
424 2009 572 2074 dubitare
587 2011 687 2075 etiam
702 2018 888 2074 secuturum
903 2012 1027 2074 maium
1042 2017 1157 2076 eontra

211 2118 277 2175 vos,
301 2099 478 2164 nonenim
500 2106 620 2164 temere
643 2119 700 2164 vos
723 2117 830 2180 arguo.

477 2259 634 2340 Nunquid
657 2265 707 2323 est
728 2239 882 2321 molum.⁴

288 2364 417 2442 ,Arguit
438 2385 458 2426 a
479 2364 603 2427 iustitia
625 2364 688 2441 dei,
712 2365 796 2429 sicut
817 2371 850 2428 et
864 2365 983 2428 Paulus
1005 2364 1048 2427 ad
1068 2365 1153 2428 Rho·

212 2469 325 2513 manos
357 2451 431 2530 9††:
468 2470 549 2514 num
578 2451 702 2516 iustitia
736 2461 785 2518 est
818 2454 906 2535 apud
934 2452 1033 2517 deum
1062 2475 1094 2535 q.
1117 2453 1152 2517 d.

211 2558 326 2620 pavere
350 2538 507 2613 deberetis
531 2546 563 2604 et
586 2541 708 2618 timere,
734 2542 790 2605 sed
805 2563 863 2607 vos
885 2542 1018 2624 pergitis
1041 2548 1155 2606 contra

210 2647 264 2690 me
287 2647 426 2708 peecare.

323 2788 408 2864 Quia
429 2810 496 2853 non
518 2790 597 2854 facit
618 2789 770 2854 dominus
793 2789 873 2852 deus
896 2791 1040 2854 verbum.

299 2896 371 2959 Hoc
394 2903 456 2959 est:
490 2895 523 2959 Si
546 2903 595 2960 est
616 2896 764 2960 futurum
786 2896 927 2977 aliquid,
952 2897 980 2959 si
1002 2896 1156 2969 imminet

210 2983 301 3048 vobis
331 2986 469 3061 malurn,
501 3004 628 3066 semper
657 2991 771 3048 notum
802 2985 880 3048 faoit
909 2980 961 3048 id⁶
999 2985 1154 3049 dominus

209 3092 267 3154 per
305 3075 477 3154 prophetas
516 3093 606 3150 suos,
650 3092 730 3154 quos
768 3073 885 3149 mittit,
928 3080 967 3137 ut
1004 3074 1155 3137 futurum

209 3161 333 3223 malum
367 3161 564 3242 praedicant.
621 3162 735 3242 Itaque
770 3182 837 3225 non
871 3161 1034 3239 dubitate,
1072 3163 1154 3245 quin

210 3249 346 3329 insignis
370 3251 548 3330 persecutio
571 3271 627 3315 vos
651 3256 781 3313 maneat
803 3251 870 3313 iam
892 3271 945 3313 me
968 3251 1073 3314 misso
1092 3258 1152 3314 etc.

301 3422 543 3493 numismate.
572 3423 600 3492 2)
614 3424 752 3478 Additur:
772 3441 824 3480 seu
837 3430 981 3480 eventum.
1009 3423 1039 3491 3)
1054 3424 1140 3480 deest

210 3510 303 3620 3133.
340 3495 470 3562 Legitur:
495 3496 635 3564 expendit
660 3500 728 3550 reto.
765 3495 794 3563 4)
814 3496 953 3550 Additur:
979 3499 1032 3549 etc.
1070 3495 1100 3561 o)
1120 3495 1145 3550 ic'

300 3727 329 3793 †)
349 3726 493 3793 Olangens
512 3725 590 3780 tuba.
627 3725 675 3792 ††)
695 3727 774 3781 Rom.
794 3726 819 3779 9.
