2584 4267
227 296 291 359 468
530 338 533 343 -
560 291 665 374 Caput
687 297 837 359 octavum

225 492 352 538 omnes·
372 469 564 533 tollerabiles
598 474 720 546 essent,
755 469 836 531 haec
865 474 976 532 autem
1009 469 1172 534 horrenda
1281 508 1284 525 .

225 562 304 624 satis
334 566 395 636 est,
425 559 555 641 quando
586 547 708 622 scilicet
737 557 890 634 minaurr,
922 577 957 620 se
984 558 1172 622 ablaturum
1282 622 1284 643 ,

224 650 399 732 prophetas
422 667 514 711 veros
536 651 569 710 et
590 652 714 710 rectum
741 645 795 708 dei
825 647 976 722 verbum,
1005 652 1043 710 ut
1072 667 1170 710 nemo

224 740 276 815 sit,
301 739 358 818 qui
380 736 550 818 praedicet,
575 735 703 798 etiamsi
726 733 913 798 avidissime
934 735 1046 797 audire
1068 736 1171 799 velint
1283 744 1284 768 ¹

225 827 374 890 homines
396 825 549 900 verbum,
574 819 623 887 et¹
652 825 736 887 ultro
759 823 903 904 citroque
925 844 984 905 pro
1007 823 1171 887 audiendo

225 916 321 979 verbo
345 914 510 977 cursitent.
556 913 596 974 Id
619 912 707 992 quod
730 913 766 974 in
789 913 978 994 captivitate
1000 913 1174 992 Assyriaca

225 1009 259 1067 et
291 1004 326 1065 in
360 1003 416 1064 illa
449 1001 625 1066 novissima
652 1001 782 1064 Iudaeis
810 1001 955 1082 contigit.
1002 1001 1173 1064 Orandum

226 1093 318 1154 nobis
353 1097 386 1154 et
419 1090 658 1171 vigilandum,†
684 1110 740 1152 >no
779 1089 894 1152 eadem
933 1086 1036 1153 fames
1074 1091 1175 1155 nobis
1282 1093 1284 1161 j

225 1200 355 1261 quoque
378 1180 535 1256 mittaurr,
560 1179 691 1260 quando
713 1180 781 1241 iam
801 1178 997 1265 multimoda
1011 1179 1101 1242 verbi
1116 1179 1175 1242 dei
1283 1176 1284 1259 J

226 1270 319 1350 copia
341 1288 453 1332 sumus
476 1270 584 1342 obruti
606 1289 664 1351 per
679 1269 817 1348 gratiam
839 1267 903 1344 dei,
926 1287 968 1329 ne
987 1267 1043 1330 illo
1058 1287 1174 1332 rursus

226 1358 352 1420 sublato
375 1357 547 1421 mittantur
568 1357 719 1438 tenebrae
750 1355 928 1438 palpabiles
958 1361 991 1418 et
1012 1356 1174 1419 teterrimi
1283 1359 1284 1373 ¹

146 1524 148 1528 Α
225 1465 355 1522 errores,
385 1452 423 1508 ut
449 1447 510 1508 etsi
536 1446 648 1508 audire
676 1446 812 1509 verbum
842 1444 980 1508 velimus
1010 1441 1094 1506 *non
1126 1446 1175 1508 sit

226 1536 284 1614 qui
306 1533 478 1616 praedicet,
503 1533 587 1598 sicut
608 1533 747 1610 Iudaeis,
773 1533 903 1596 Graecis
919 1525 969 1594 et²
988 1533 1174 1596 Rhomanis
1283 1546 1284 1579 l

118 1696 124 1707 ,
225 1623 331 1705 verbo}
353 1623 406 1684 dei
433 1622 675 1686 abundantibus
713 1622 858 1702 contigit.
911 1620 1045 1684 Sublato
1080 1621 1174 1684 enim
1280 1607 1284 1657 ·]

225 1712 332 1788 verbo,
356 1711 436 1792 quid
459 1711 547 1774 aliud
569 1717 683 1788 restat,
707 1731 807 1791 quam
830 1709 1010 1772 teterrimae
1033 1711 1174 1775 rationis

225 1801 388 1863 humanae
411 1801 571 1875 tenebrae,
596 1820 679 1880 quae
702 1799 856 1879 magistra
872 1818 941 1862 esse
956 1799 1034 1876 vult,
1058 1805 1092 1862 et
1113 1799 1172 1863 do·
1281 1793 1284 1870 l

226 1909 295 1952 cere
319 1889 402 1950 nihil
425 1888 513 1951 aliud
536 1895 651 1970 potest,
676 1907 775 1967 quam
791 1887 961 1950 -doctrinas
984 1887 1173 1952 daemonio
1283 1888 1284 1945 3

225 1978 352 2058 sumi-t
397 1973 518 2052 vaurd
542 1977 629 2040 enim
652 1976 740 2038 aliud
763 1975 987 2056 praedicarent
1005 1977 1173 2066 tenebrae,
1277 2049 1284 2074 Α

225 2086 325 2147 quam
347 2067 496 2129 tenebras
531 2071 562 2128 et
589 2067 734 2131 errores?
779 2065 852 2127 Lux
884 2066 975 2128 nulla
1008 2071 1066 2142 est,
1102 2067 1174 2130 nisi

225 2245 353 2364 DIVI&
366 2240 473 2308 napa
490 2257 518 2308 p.
537 2240 673 2293 minxi.
692 2237 787 2294 usca
829 2238 870 2306 ⁸⁸)
894 2239 1022 2293 ornans
1045 2239 1183 2294 vuam-

316 2468 342 2531 1)
370 2467 465 2521 deest:
494 2472 524 2521 et
550 2469 626 2523 ultro
655 2499 696 2521 -.
716 2470 842 2537 contigit.
879 2470 1010 2536 Legiturz
1038 2469 1113 2522 Nam
1138 2471 1174 2525 in

226 2539 290 2592 aliis
310 2539 520 2593 calamitatibus
545 2543 785 2608 quantaecunque
807 2542 875 2609 sint,
900 2544 999 2594 tamen
1023 2555 1090 2594 cum
1105 2557 1175 2596 ver·

225 2609 296 2663 bum
321 2609 417 2679 adest,
446 2611 641 2665 consolatione
670 2612 741 2678 erigi
766 2616 880 2666 mentes
902 2615 1032 2678 possunt.
1069 2610 1175 2668 Verbo

160 2685 162 2688 '
225 2682 323 2735 autem
342 2680 510 2750 sublato†††
537 2683 617 2738 nulla
635 2682 800 2751 consolatio,
819 2682 899 2736 nulla
911 2698 978 2750 spes
991 2682 1175 2752 estreliqua,

227 2753 278 2807 sed
297 2768 376 2806 mera
387 2752 514 2823 tristitia,
534 2752 698 2821 desperatio
710 2757 739 2806 et
751 2769 836 2806 mors.
873 2754 913 2806 At
930 2753 1030 2806 Iudaei
1048 2752 1176 2820 quidem

225 2825 258 2877 in
277 2823 473 2892 superioribus
496 2823 709 2878 calamitatibus
732 2824 932 2891 captivitatum
960 2827 989 2878 et
1019 2823 1176 2881 servitutis

225 2894 391 2950 habuerunt
409 2911 522 2962 semper
533 2895 699 2963 prophetas,
720 2894 771 2961 qui
783 2895 985 2949 confirmarent
996 2895 1175 2961 languentes

226 2967 347 3034 animos,
366 2981 472 3033 eosque
491 2966 528 3020 ad
546 2965 777 3032 expectationem
795 2965 884 3018 iuuari
898 2963 1007 3019 Christi
1025 2965 1176 3032 erigerent

226 3041 255 3090 et
274 3036 458 3104 concitarent,
486 3037 536 3104 qui
563 3041 625 3090 erat
651 3037 741 3090 finem
767 3037 914 3104 allaturus,
941 3052 1001 3090 non
1026 3039 1174 3103 tempora·

225 3107 303 3161 libus
330 3107 382 3161 sed
405 3106 530 3163 aeternis
556 3107 780 3176 calamitatibus,
806 3107 893 3160 morti
916 3111 1049 3160 aeternae
1072 3111 1105 3160 et
1128 3108 1174 3163 in·

226 3179 314 3232 forno.
353 3177 399 3232 Ad
426 3182 589 3232 extremum
606 3182 711 3248 autem,
731 3178 868 3232 cumiam
881 3175 1016 3232 Christus
1029 3178 1174 3249 venisset,

226 3253 256 3302 et
274 3249 332 3316 ipsi
350 3265 417 3302 eum
436 3249 546 3303 nollent
564 3251 689 3318 recipere
708 3252 738 3302 et
750 3264 903 3316 agnoscere
915 3247 1062 3317 Messinm,
1081 3249 1173 3304 desti·

226 3322 289 3373 tuto
308 3323 377 3372 sunt
394 3320 482 3374 verbo
501 3325 530 3374 et
549 3321 633 3376 durat
651 3322 708 3375 ista
720 3321 811 3374 fames
830 3321 965 3387 usquein
982 3320 1061 3374 hunc
1079 3319 1174 3392 diem,

226 3393 259 3443 ut
277 3389 389 3442 Israhel
408 3396 577 3446 excaecatus
605 3393 655 3461 sit,
682 3396 716 3446 ut
742 3392 850 3446 Paulus
877 3391 979 3458 inquit.
1016 3391 1132 3445 Orandu

225 3461 312 3526 igitur
330 3460 416 3514 nobis
435 3465 465 3515 et
482 3463 661 3529 vigilandum
679 3467 723 3517 est
742 3479 805 3531 sqq.
842 3460 870 3524 2)
887 3461 983 3516 deest:
1000 3465 1037 3516 et.
1118 3471 1121 3475 ’

316 3622 345 3686 †)
363 3621 535 3676 Adhortatio
553 3621 723 3690 necessaria,
742 3637 779 3676 ne
797 3621 903 3690 stipsi
921 3623 1043 3679 verbum
1054 3620 1120 3674 amir

226 3707 299 3744 mus.
336 3693 382 3757 ἡ)
401 3691 486 3745 Ratio
504 3692 639 3758 magistra
662 3692 732 3762 quid
757 3693 866 3749 doceat.
902 3693 968 3764 †††)
987 3692 1119 3749 Verbos

225 3761 284 3815 lato
305 3762 385 3814 nulla
405 3762 568 3817 consolatio.
