2584 4267
542 300 670 362 210
1212 298 1422 380 Caput
1465 300 1729 362 tertium

630 477 860 541 vobis
937 477 1357 540 doctorem
1430 476 1844 552 iustitiae,
1925 481 2004 539 et
2078 476 2428 539 descen·

629 566 816 629 dere
864 564 1095 628 vobis
1140 565 1358 628 facit
1414 566 1837 647 pluviam‚·
1885 565 2303 646 pluviam,
2355 573 2432 628 et

628 654 1003 736 pluviam
1048 655 1533 730 serotinam,
1582 654 1802 716 sicut
1847 654 1943 716 ab
2000 654 2292 729 initio,
2358 660 2432 716 et

628 743 1199 825 implebuntur
1241 744 1537 805 horrea
1567 742 1988 805 frumento
2036 748 2114 805 et
2149 749 2427 806 torcu-

628 833 841 910 laria
886 833 1064 895 oleo
1110 837 1191 894 et
1234 838 1522 896 musto,

729 950 747 987 ¹
763 955 907 1019 Non
976 956 1275 1021 existimo
1334 954 1686 1019 candidum
1745 961 1810 1040 et
1875 954 2062 1037 pium
2114 954 2430 1018 lectorem

540 1052 869 1110 moturum
914 1045 1100 1109 nobis
1144 1045 1346 1120 litem,
1395 1044 1571 1125 quod
1608 1044 1689 1106 ab
1719 1044 1844 1110 hoc
1872 1045 2011 1107 loco
2043 1044 2430 1107 concionem

546 1136 626 1198 de
681 1154 877 1216 regno
924 1134 1160 1198 Christi
1213 1132 1591 1215 incipimus,
1652 1139 1717 1195 et
1773 1153 1905 1196 non
1964 1132 2045 1196 ab
2101 1153 2179 1195 eo
2228 1152 2429 1213 quem

542 1226 765 1288 Petrus
813 1223 882 1285 in
937 1223 1094 1287 actis
1151 1223 1324 1287 citat.
1419 1222 1585 1288 Sunt
1636 1221 1811 1284 enim
1865 1221 1997 1284 duo
2053 1227 2228 1284 ccrta
2292 1222 2430 1283 eius

543 1313 636 1375 rei
681 1317 1073 1392 argumenta.
1167 1311 1458 1374 Primum
1479 1315 1485 1319 ’
1503 1308 1679 1392 quod
1725 1311 1806 1373 de
1852 1311 2106 1375 doctore
2136 1310 2429 1374 iustitiae

541 1401 885 1482 promittit,
946 1420 1096 1463 eum
1142 1420 1339 1481 quem
1385 1406 1742 1463 statuemus
1798 1419 1936 1467 esse
1949 1450 1963 1476 ,
2025 1399 2153 1461 nisi
2215 1398 2432 1462 solum

542 1489 886 1563 Christum,
920 1489 1127 1551 filium
1159 1488 1308 1551 dei?
1362 1489 1654 1551 Alterum
1685 1487 1861 1568 quod
1890 1489 1991 1551 bis
2023 1488 2432 1570 promittitur

542 1597 674 1640 non
718 1577 1012 1639 futurum
1057 1578 1327 1658 posthac
1356 1577 1428 1639 in
1459 1584 1810 1653 aeternum,
1858 1583 1934 1640 ut
1963 1577 2250 1658 populus
2282 1597 2427 1639 con·

543 1665 868 1729 fundatur.
961 1666 1104 1729 Hoc
1164 1665 1487 1746 quomodo
1555 1672 1768 1747 potest
1834 1665 1962 1729 dici
2028 1665 2110 1729 cle
2181 1667 2428 1746 populo
2484 1724 2493 1735 ,

541 1755 719 1836 legia
767 1755 882 1836 qui
928 1757 1048 1819 etsi
1092 1755 1424 1818 restitutus
1471 1761 1569 1817 est
1614 1756 1697 1817 ab
1742 1755 1934 1818 exilio
1970 1755 2102 1818 suis
2133 1754 2424 1828 sedibua

541 1852 761 1909 tamen
792 1844 1065 1907 subinde
1098 1865 1137 1906 a
1167 1843 1384 1924 Syriis,
1418 1843 1772 1924 Aegyptiis,
1815 1843 2080 1906 tandem
2109 1843 2426 1906 Romanis

544 1954 799 2015 quoque
845 1934 1015 1997 varie
1061 1939 1330 1998 vexatus
1377 1938 1441 1995 et
1476 1939 1732 1995 tantum
1763 1938 1896 1995 non
1925 1951 2276 2013 oppressus
2307 1938 2424 1995 est.

545 2023 829 2085 Ecclesia
886 2023 1081 2102 igitur
1140 2022 1291 2085 novi
1355 2022 1727 2085 testamenti
1785 2041 1861 2083 ea
1919 2027 2042 2096 est,
2115 2040 2289 2100 quae
2357 2021 2426 2082 in

544 2117 876 2174 aeternum
907 2132 1042 2175 non
1072 2109 1507 2185 confunditur,
1542 2110 1663 2174 etsi
1693 2110 1869 2172 enim
1900 2128 2083 2172 cruce
2115 2129 2427 2191 oppressa

543 2201 733 2275 iacet,
793 2208 1014 2263 tamen
1058 2200 1255 2262 habet
1301 2219 1414 2280 per
1459 2199 1668 2262 filium
1720 2198 1825 2261 dei
1884 2217 2067 2280 spem
2125 2205 2425 2262 aeternae

545 2288 939 2350 liberationis
986 2295 1052 2350 et
1095 2288 1349 2367 gloriae.

732 2369 982 2438 ²Tertio
1026 2376 1340 2438 usitatum
1371 2382 1468 2438 est
1499 2377 1711 2439 Zionis
1743 2376 2173 2457 appellatione
2207 2377 2424 2439 venire

546 2463 879 2525 ecclesiam
947 2464 1098 2526 novi
1161 2465 1553 2527 testamenti.
1668 2464 1874 2544 quue
1947 2464 2070 2527 hac
2138 2465 2422 2528 ratione:

543 2553 624 2614 In
681 2552 872 2614 Zione
931 2557 1148 2616 monte
1208 2552 1806 2633 Hierosolymorum
1873 2553 1998 2616 fuit
2064 2554 2244 2632 regia
2312 2573 2428 2616 arx

546 2645 835 2704 extructa
866 2662 905 2703 a
926 2640 1189 2717 Davide,
1224 2641 1391 2703 sicut
1420 2639 1606 2705 docet
1634 2642 1901 2705 historia
1933 2643 1991 2704 2.
2020 2641 2284 2704 Samuel
2319 2636 2419 2704 5.⁸

545 2729 711 2804 Quia
757 2737 973 2794 autem
1004 2730 1293 2793 Christus
1325 2729 1559 2794 Davidi
1602 2731 1955 2813 promissus
1995 2737 2110 2807 est,
2156 2738 2428 2795 vocatur

546 2819 835 2884 Christus
904 2839 1159 2900 quoque
1227 2839 1342 2882 rex
1409 2819 1622 2882 Zionis
1637 2869 1651 2896 ‚
1723 2826 2035 2899 tanquam
2110 2819 2286 2882 filius
2366 2826 2427 2882 et

543 2909 767 2971 haeres
813 2909 1095 2972 Davidis.
1188 2908 1363 2970 Hinc
1407 2928 1594 2970 mons
1641 2908 1798 2971 Zion
1843 2915 2104 2973 vocatur
2160 2916 2426 2972 sanctus

545 3018 759 3072 monS,
821 2998 1071 3080 psalmo
1118 2995 1398 3060 secundo
1414 3046 1428 3073 ,
1489 2996 1663 3076 quod
1710 3003 2006 3060 sanctum
2051 3016 2275 3059 semen
2336 2997 2429 3060 ibi

546 3092 961 3165 regnaturum
1028 3086 1127 3149 sit.
1245 3085 1424 3148 Sicut
1483 3086 1770 3166 psalmus
1836 3078 2022 3147 111.4
2089 3084 2277 3161 dicit,
2347 3105 2426 3148 ex
2484 3164 2495 3177 .

546 3174 738 3236 Zione
771 3175 1155 3240 emissurum
1184 3175 1361 3236 hunc
1391 3194 1607 3254 regem
1637 3180 1959 3255 sceptrum
1989 3193 2201 3237 suum.
2281 3173 2428 3236 Hac

546 3262 741 3341 igitur
795 3263 1038 3325 ratione
1091 3262 1208 3324 filii
1268 3263 1427 3324 Zion
1482 3269 1790 3327 vocantur
1843 3263 2137 3337 ecclesia,
2212 3284 2251 3325 a
2309 3283 2428 3325 suo
2486 3300 2497 3309 -

549 3371 694 3430 rege
711 3400 724 3426 ,
788 3352 901 3431 qui
957 3352 1029 3436 in
1085 3352 1276 3414 Zione
1337 3350 1770 3427 habitaturus,
1842 3357 1907 3414 et
1967 3371 2211 3413 novum
2269 3351 2428 3414 inde

548 3459 817 3518 regnum
886 3440 1331 3527 auspicaturus
1401 3447 1537 3503 erat
1612 3460 1727 3521 per
1795 3439 2109 3519 evangelii
2179 3459 2330 3522 prae
2417 3475 2427 3482 -

726 3632 779 3698 1)
817 3632 963 3686 Ien.:
1023 3629 1138 3685 Cur
1174 3633 1506 3686 concionem
1542 3633 1615 3686 de
1663 3648 1838 3699 regno
1876 3630 2095 3685 Christi
2141 3633 2252 3686 hoc
2304 3633 2324 3684 l
2415 3648 2428 3683 ›

547 3704 888 3771 auspicetur.
939 3702 997 3770 2)
1025 3703 1165 3756 Zion
1189 3707 1365 3771 typus
1390 3704 1662 3758 ecclesiae
1685 3718 1798 3757 cur.
1850 3702 1906 3770 3)
1933 3703 2080 3757 Ien.:
2119 3701 2172 3756 2.
2200 3703 2328 3758 Sam
2414 3743 2425 3754 .

547 3774 735 3841 psalm
771 3773 821 3826 2.
858 3775 1047 3841 psalm
1085 3772 1204 3827 110.
1278 3773 1335 3841 4)
1376 3775 1526 3829 Ien.:
1585 3773 1703 3827 110.
